trade_id,ticker,count,created_time,yes_price,no_price,taker_side
4a9e7085-2c64-43df-80fc-fcda86463106,KXNBAGAME-25MAY22MINOKC-MIN,35,2025-05-21 03:33:31.182325+00:00,27,73,yes
be78319c-c21a-4ab1-9425-023c5ebe2b55,KXNBAGAME-25MAY22MINOKC-MIN,70,2025-05-21 03:34:02.452089+00:00,27,73,yes
ce107101-a2d3-4f43-8850-ec7baecfdee5,KXNBAGAME-25MAY22MINOKC-MIN,2000,2025-05-21 03:36:46.502984+00:00,27,73,yes
0f0de1f2-e235-4337-9245-62ecae59ac7e,KXNBAGAME-25MAY22MINOKC-MIN,35,2025-05-21 03:37:11.310509+00:00,27,73,yes
fbfbb9ed-5988-40e3-8048-1183f10981e0,KXNBAGAME-25MAY22MINOKC-MIN,100,2025-05-21 03:37:18.593802+00:00,27,73,yes
aa81b161-cd1e-4e38-b841-155de2f0e76a,KXNBAGAME-25MAY22MINOKC-MIN,10,2025-05-21 03:39:43.653144+00:00,27,73,yes
9f21a7e3-5918-44ba-a38a-dff9a220d4ea,KXNBAGAME-25MAY22MINOKC-MIN,140,2025-05-21 03:39:56.140969+00:00,27,73,yes
7af85c0c-c7f4-40ec-8023-4a85fba6df7c,KXNBAGAME-25MAY22MINOKC-MIN,200,2025-05-21 03:43:13.633434+00:00,27,73,yes
c6bd32e3-5c52-4a04-ba4a-3d66c4fd8804,KXNBAGAME-25MAY22MINOKC-MIN,81,2025-05-21 03:47:01.510955+00:00,27,73,yes
aa6842fa-02e6-4b43-a636-b5352c34ffe4,KXNBAGAME-25MAY22MINOKC-MIN,15,2025-05-21 03:47:51.065770+00:00,27,73,yes
f3687c51-850e-42e1-b421-28bc89f6a3ab,KXNBAGAME-25MAY22MINOKC-MIN,34,2025-05-21 03:48:31.090365+00:00,27,73,yes
ac1d82fa-da7b-4cd7-b40b-2bec38d5d8fd,KXNBAGAME-25MAY22MINOKC-MIN,34,2025-05-21 03:49:34.468104+00:00,25,75,no
7b627a55-4003-4ea3-9529-554d9d74e2a3,KXNBAGAME-25MAY22MINOKC-MIN,35,2025-05-21 03:51:37.575804+00:00,27,73,yes
7c917c3f-eae4-4b4f-a920-d5dc84f56530,KXNBAGAME-25MAY22MINOKC-MIN,20,2025-05-21 03:57:18.846022+00:00,27,73,yes
7700ef65-4fc2-41c0-b68d-00114e58ad61,KXNBAGAME-25MAY22MINOKC-MIN,105,2025-05-21 03:58:26.711067+00:00,27,73,yes
8a2c1bf8-a3ff-4059-ae00-8e43dca4a8a5,KXNBAGAME-25MAY22MINOKC-MIN,35,2025-05-21 04:03:17.407244+00:00,27,73,yes
58678de5-eea1-4c22-be46-1cdb979a38df,KXNBAGAME-25MAY22MINOKC-MIN,24,2025-05-21 04:13:52.453453+00:00,27,73,yes
d635ba1b-9091-492f-aad2-d6f8ebb55f0f,KXNBAGAME-25MAY22MINOKC-MIN,880,2025-05-21 04:13:56.321779+00:00,27,73,yes
699aed46-4fe6-4470-a7d2-d8e0ebddaae3,KXNBAGAME-25MAY22MINOKC-MIN,35,2025-05-21 04:16:05.584577+00:00,27,73,yes
14839acc-9ce3-48ac-8c44-09ea3e82dd17,KXNBAGAME-25MAY22MINOKC-MIN,17,2025-05-21 04:18:00.102656+00:00,27,73,yes
70491acc-4aeb-48e8-9ba6-ddf7aa938479,KXNBAGAME-25MAY22MINOKC-MIN,35,2025-05-21 04:28:01.592994+00:00,27,73,yes
ba4b1e16-12d8-4e0f-8e81-a4d5916f83b7,KXNBAGAME-25MAY22MINOKC-MIN,21,2025-05-21 04:55:37.547206+00:00,27,73,yes
6de20b70-0b67-47b8-a457-903ecd6debfd,KXNBAGAME-25MAY22MINOKC-MIN,5,2025-05-21 05:14:03.152158+00:00,27,73,yes
f6dfbc31-a31d-453a-afd8-12274acf4ea8,KXNBAGAME-25MAY22MINOKC-MIN,59,2025-05-21 05:17:19.050322+00:00,27,73,yes
14352f74-6f4b-4384-b3e4-e48fc82e226c,KXNBAGAME-25MAY22MINOKC-MIN,31,2025-05-21 05:21:20.056222+00:00,27,73,yes
793c4c39-8899-4c53-b5d3-45c80d9af2db,KXNBAGAME-25MAY22MINOKC-MIN,3,2025-05-21 05:21:25.303700+00:00,27,73,yes
9a4f89dc-1d16-42d2-b572-45b23854a74f,KXNBAGAME-25MAY22MINOKC-MIN,5,2025-05-21 05:30:40.329891+00:00,27,73,yes
6ec1f393-d56c-4b24-80ef-ec95c1936a1e,KXNBAGAME-25MAY22MINOKC-MIN,172,2025-05-21 05:46:51.340387+00:00,27,73,yes
f80f7e7f-934b-4620-bcd0-822ec30b4719,KXNBAGAME-25MAY22MINOKC-MIN,70,2025-05-21 05:51:31.091630+00:00,27,73,yes
12acaa71-cadf-4b7f-a1c5-81f471b7e6c5,KXNBAGAME-25MAY22MINOKC-MIN,400,2025-05-21 05:53:15.915501+00:00,27,73,yes
1bd4b4ba-e566-4505-845a-302ced5b6183,KXNBAGAME-25MAY22MINOKC-MIN,37,2025-05-21 06:10:53.137880+00:00,26,74,yes
e597fea8-19ad-4781-b4e0-3f080b5eca1b,KXNBAGAME-25MAY22MINOKC-MIN,53,2025-05-21 06:10:53.137880+00:00,27,73,yes
5a4da951-55e9-4d7d-93ad-a00c66719f03,KXNBAGAME-25MAY22MINOKC-MIN,70,2025-05-21 06:13:02.828984+00:00,27,73,yes
35acaaa9-7ff9-4bed-b76b-95cecb29594f,KXNBAGAME-25MAY22MINOKC-MIN,7,2025-05-21 06:41:32.343448+00:00,27,73,yes
25729fcc-8500-467a-8525-9bcd49f681c7,KXNBAGAME-25MAY22MINOKC-MIN,18,2025-05-21 06:44:48.748330+00:00,27,73,yes
50115087-e663-481b-b222-a1673941e313,KXNBAGAME-25MAY22MINOKC-MIN,17,2025-05-21 06:52:58.709774+00:00,27,73,yes
fdf98cc4-a07b-4b80-8dd8-36cf8997e9b7,KXNBAGAME-25MAY22MINOKC-MIN,677,2025-05-21 12:04:14.688096+00:00,26,74,no
f48b11bf-976b-482c-af4e-27940654db55,KXNBAGAME-25MAY22MINOKC-MIN,203,2025-05-21 12:05:36.056861+00:00,25,75,no
9c9e29f7-a680-4f5d-b7d3-46fef6cbb105,KXNBAGAME-25MAY22MINOKC-MIN,20,2025-05-21 12:07:27.368591+00:00,27,73,yes
3a72a8c6-0fc0-4975-851e-06eab487b728,KXNBAGAME-25MAY22MINOKC-MIN,10,2025-05-21 12:12:03.735813+00:00,27,73,yes
b01fd9c9-cbbc-4b31-9982-0e3059d4e32d,KXNBAGAME-25MAY22MINOKC-MIN,3,2025-05-21 12:33:59.993902+00:00,26,74,yes
3dcf1cca-ede4-4621-b060-32a4da0c28df,KXNBAGAME-25MAY22MINOKC-MIN,3,2025-05-21 12:40:27.511364+00:00,26,74,yes
25f31b98-c98d-4098-8504-4dd7ebfffab8,KXNBAGAME-25MAY22MINOKC-MIN,70,2025-05-21 12:40:59.044432+00:00,27,73,yes
80da0185-522e-4721-87e3-c9e061055935,KXNBAGAME-25MAY22MINOKC-MIN,50,2025-05-21 12:40:59.044432+00:00,26,74,yes
e7605425-9c03-44fc-89e0-25f84108d51f,KXNBAGAME-25MAY22MINOKC-MIN,60,2025-05-21 12:40:59.044432+00:00,26,74,yes
1a0c8bc6-7a97-4203-99a9-2902effd685c,KXNBAGAME-25MAY22MINOKC-MIN,246,2025-05-21 12:53:01.309805+00:00,27,73,yes
f9b920e3-fa98-4893-9034-3fe59d4f216a,KXNBAGAME-25MAY22MINOKC-MIN,36,2025-05-21 13:09:47.771020+00:00,26,74,yes
a3f38364-e503-447d-bf0a-17793e6978b4,KXNBAGAME-25MAY22MINOKC-MIN,20,2025-05-21 13:21:53.183141+00:00,26,74,yes
a03387df-a671-4696-9932-5f4adc481d4c,KXNBAGAME-25MAY22MINOKC-MIN,26,2025-05-21 13:21:53.183141+00:00,26,74,yes
d95cd122-055f-4207-90e2-26f80dc7e17d,KXNBAGAME-25MAY22MINOKC-MIN,1,2025-05-21 13:50:07.747776+00:00,26,74,yes
23945beb-96bb-419f-89aa-c033e2902019,KXNBAGAME-25MAY22MINOKC-MIN,1,2025-05-21 13:51:49.227375+00:00,26,74,yes
d16a0f3c-8d04-4c0a-a182-8c78b2059009,KXNBAGAME-25MAY22MINOKC-MIN,7,2025-05-21 13:52:21.271597+00:00,26,74,yes
b2edbd7d-b6e6-4530-b030-d511febdf556,KXNBAGAME-25MAY22MINOKC-MIN,292,2025-05-21 14:15:23.886659+00:00,26,74,yes
d925a1a9-615b-4b74-9980-70e6f4042b77,KXNBAGAME-25MAY22MINOKC-MIN,4123,2025-05-21 14:15:23.886659+00:00,27,73,yes
bfacf51a-0cc8-407a-a99a-3b4019ef4198,KXNBAGAME-25MAY22MINOKC-MIN,179,2025-05-21 14:15:30.618494+00:00,27,73,yes
43baee6d-36eb-4235-a096-bc38f13df671,KXNBAGAME-25MAY22MINOKC-MIN,99,2025-05-21 14:18:46.780431+00:00,26,74,yes
77fb9a3f-13f3-45b8-bdeb-dc68df2df8d8,KXNBAGAME-25MAY22MINOKC-MIN,180,2025-05-21 14:18:46.780431+00:00,26,74,yes
e0ce6d53-afda-470b-95b9-973c96bb5962,KXNBAGAME-25MAY22MINOKC-MIN,1,2025-05-21 14:18:46.780431+00:00,26,74,yes
3d3bcf72-46e2-4097-951f-292c01488a2f,KXNBAGAME-25MAY22MINOKC-MIN,35,2025-05-21 14:18:48.958064+00:00,27,73,yes
f98decb0-4a25-4015-93e2-f02847f4cdf1,KXNBAGAME-25MAY22MINOKC-MIN,39,2025-05-21 14:19:31.748627+00:00,26,74,no
265a837d-fd32-4fc8-952b-96a01a6f3f32,KXNBAGAME-25MAY22MINOKC-MIN,61,2025-05-21 14:20:28.333668+00:00,26,74,no
b0d0606d-a086-4169-8c70-3ac4cb7fefee,KXNBAGAME-25MAY22MINOKC-MIN,18,2025-05-21 14:20:29.315777+00:00,26,74,yes
7fae1bc1-b66d-4aaf-8507-faf91ff85ffd,KXNBAGAME-25MAY22MINOKC-MIN,25,2025-05-21 14:22:37.369590+00:00,26,74,yes
8912a5ec-8885-47ce-ae4e-e7c4f7eb1b29,KXNBAGAME-25MAY22MINOKC-MIN,10,2025-05-21 14:23:53.343365+00:00,26,74,yes
b8fbad8a-40af-4c41-8683-78ddf74e361f,KXNBAGAME-25MAY22MINOKC-MIN,499,2025-05-21 14:24:56.562121+00:00,26,74,yes
ffbd9928-e094-48ce-9443-142d5b616049,KXNBAGAME-25MAY22MINOKC-MIN,1,2025-05-21 14:25:14.366316+00:00,26,74,yes
d197ad28-b84b-49a2-929d-ee7c34b04bcf,KXNBAGAME-25MAY22MINOKC-MIN,21,2025-05-21 14:25:45.791898+00:00,27,73,yes
68b4d77a-e4e9-4f83-88cd-f1a0790fdb82,KXNBAGAME-25MAY22MINOKC-MIN,50,2025-05-21 14:26:44.312521+00:00,27,73,yes
285c135f-9d21-4270-9f1f-2e0bd58d93a9,KXNBAGAME-25MAY22MINOKC-MIN,20,2025-05-21 14:26:45.556134+00:00,27,73,yes
19430c1e-1d1c-44cb-b6b4-ff74b461b76d,KXNBAGAME-25MAY22MINOKC-MIN,18,2025-05-21 14:27:12.651782+00:00,27,73,yes
b50b7fa6-d5c2-4c77-82bc-95a944527a99,KXNBAGAME-25MAY22MINOKC-MIN,5,2025-05-21 14:29:38.210745+00:00,26,74,yes
08b262b6-d43a-4669-8c5a-1478c98825eb,KXNBAGAME-25MAY22MINOKC-MIN,1,2025-05-21 14:30:23.606437+00:00,26,74,yes
2460479d-8b12-4117-aae7-098d32e10757,KXNBAGAME-25MAY22MINOKC-MIN,51,2025-05-21 14:35:10.235208+00:00,26,74,yes
729f1ed9-b691-4125-b677-baad54c15491,KXNBAGAME-25MAY22MINOKC-MIN,95,2025-05-21 14:35:29.023604+00:00,26,74,yes
9195d29d-fc14-477f-82f1-c7b197e96124,KXNBAGAME-25MAY22MINOKC-MIN,1,2025-05-21 14:35:29.023604+00:00,26,74,yes
117f2ce9-5a19-427c-95a6-7d81a8fd42e9,KXNBAGAME-25MAY22MINOKC-MIN,197,2025-05-21 14:38:29.946475+00:00,27,73,yes
7102d35f-c37b-420f-834d-9935c96830fb,KXNBAGAME-25MAY22MINOKC-MIN,69,2025-05-21 14:38:29.946475+00:00,26,74,yes
9c58fc2f-3367-4cab-99a9-aa81cdafe130,KXNBAGAME-25MAY22MINOKC-MIN,50,2025-05-21 14:39:05.336894+00:00,27,73,yes
a7893299-e31f-4e5d-9c08-c78b933cff5c,KXNBAGAME-25MAY22MINOKC-MIN,600,2025-05-21 14:39:33.926934+00:00,27,73,yes
5eb8afd2-3006-4974-84a1-aebe8de61202,KXNBAGAME-25MAY22MINOKC-MIN,1000,2025-05-21 14:40:19.531867+00:00,27,73,yes
9c6a7676-c03a-44c9-af7f-b9349b68dd91,KXNBAGAME-25MAY22MINOKC-MIN,17,2025-05-21 14:41:03.771000+00:00,27,73,yes
e191bd79-344a-4598-8d75-a9ace39ef07b,KXNBAGAME-25MAY22MINOKC-MIN,1,2025-05-21 14:44:22.358984+00:00,26,74,yes
6c2f41c5-52fa-461c-be12-df70d18b709a,KXNBAGAME-25MAY22MINOKC-MIN,21,2025-05-21 14:44:22.358984+00:00,27,73,yes
2c64d8d1-271f-4ac3-8b6f-143998b90ba8,KXNBAGAME-25MAY22MINOKC-MIN,13,2025-05-21 14:44:22.358984+00:00,26,74,yes
0321c349-2d4e-4dd7-ab0a-a31689c03de0,KXNBAGAME-25MAY22MINOKC-MIN,20,2025-05-21 14:44:51.006740+00:00,25,75,no
56cb8769-501a-4bf4-8861-4f35e2f11c9c,KXNBAGAME-25MAY22MINOKC-MIN,7,2025-05-21 14:45:12.934381+00:00,27,73,yes
4c4256da-d61b-403d-9417-26a07f496e79,KXNBAGAME-25MAY22MINOKC-MIN,15,2025-05-21 14:49:07.614708+00:00,26,74,yes
6a41c691-8dc9-4551-8d17-f90249856283,KXNBAGAME-25MAY22MINOKC-MIN,25,2025-05-21 14:50:01.593641+00:00,26,74,yes
3b1204e3-d855-4276-9cd7-b0e19022ced8,KXNBAGAME-25MAY22MINOKC-MIN,18,2025-05-21 14:52:37.212510+00:00,26,74,yes
06c18a6b-84fd-46b8-907f-9ad5518d1438,KXNBAGAME-25MAY22MINOKC-MIN,20,2025-05-21 14:52:52.258622+00:00,26,74,yes
20534b86-8a86-4591-be60-00a89c8d0d9a,KXNBAGAME-25MAY22MINOKC-MIN,1,2025-05-21 14:53:45.269337+00:00,26,74,yes
8c84face-8ad7-4f22-aec5-57013b0157b7,KXNBAGAME-25MAY22MINOKC-MIN,2,2025-05-21 14:54:26.981903+00:00,26,74,yes
536c98d9-a28d-4598-a01a-5b84eedcd2d3,KXNBAGAME-25MAY22MINOKC-MIN,14,2025-05-21 14:57:08.997145+00:00,26,74,yes
793bfe40-eba7-4ba2-8785-5f64b0a0518a,KXNBAGAME-25MAY22MINOKC-MIN,5,2025-05-21 14:57:41.276976+00:00,26,74,yes
e5f799bc-e135-42fb-b0ca-d944e75ee186,KXNBAGAME-25MAY22MINOKC-MIN,36,2025-05-21 14:59:07.338964+00:00,26,74,yes
c881d15d-cf56-4308-a171-53f1f0995ffc,KXNBAGAME-25MAY22MINOKC-MIN,18,2025-05-21 14:59:35.313270+00:00,26,74,yes
1ea1d0b5-9eca-4b14-a9da-fd8cda569717,KXNBAGAME-25MAY22MINOKC-MIN,148,2025-05-21 15:00:19.580099+00:00,26,74,yes
ccdbac65-d036-467e-b608-3c90ca136edd,KXNBAGAME-25MAY22MINOKC-MIN,18,2025-05-21 15:00:19.580099+00:00,26,74,yes
e4b5955c-9d40-4b4d-abd8-7f01ed8bb3b9,KXNBAGAME-25MAY22MINOKC-MIN,192,2025-05-21 15:00:19.580099+00:00,27,73,yes
802ac616-07f3-468e-9300-8f335f2aa0bf,KXNBAGAME-25MAY22MINOKC-MIN,5,2025-05-21 15:02:06.269590+00:00,25,75,no
3a994ffd-fcbf-4f6b-abaa-dff12932fa8c,KXNBAGAME-25MAY22MINOKC-MIN,4,2025-05-21 15:02:24.143199+00:00,27,73,yes
726be907-5491-4a14-a669-d91a3c98bdec,KXNBAGAME-25MAY22MINOKC-MIN,50,2025-05-21 15:02:53.147910+00:00,25,75,no
0f645c2c-f959-4c04-ad70-22d851676bd1,KXNBAGAME-25MAY22MINOKC-MIN,100,2025-05-21 15:04:27.095084+00:00,26,74,yes
14929a92-6b08-47d0-a8d5-b7c9790ab12f,KXNBAGAME-25MAY22MINOKC-MIN,6,2025-05-21 15:05:07.889710+00:00,26,74,yes
4fb41b14-e21c-47dd-aa43-0cfdcf82b169,KXNBAGAME-25MAY22MINOKC-MIN,6,2025-05-21 15:05:19.346495+00:00,26,74,yes
ab0ee66a-c4ab-435e-bb49-c21cb438fdfc,KXNBAGAME-25MAY22MINOKC-MIN,94,2025-05-21 15:05:19.346495+00:00,26,74,yes
efe3f79b-2808-4914-b2a1-1469c2df3517,KXNBAGAME-25MAY22MINOKC-MIN,1,2025-05-21 15:05:51.331884+00:00,26,74,yes
2623e067-7b07-4ddf-994a-ff0eae70abad,KXNBAGAME-25MAY22MINOKC-MIN,23,2025-05-21 15:06:52.716617+00:00,26,74,yes
13e93a47-10fa-420b-a3e9-93d8319c35fc,KXNBAGAME-25MAY22MINOKC-MIN,100,2025-05-21 15:07:10.451144+00:00,27,73,yes
fe110332-611b-4c78-8f63-a8f1959fa790,KXNBAGAME-25MAY22MINOKC-MIN,255,2025-05-21 15:08:18.456379+00:00,27,73,yes
0cf4a4e7-da21-459f-8e98-38c3061249bf,KXNBAGAME-25MAY22MINOKC-MIN,100,2025-05-21 15:08:18.456379+00:00,26,74,yes
66a21d9f-506b-4e7c-9636-7a1e1d7bc3dd,KXNBAGAME-25MAY22MINOKC-MIN,3,2025-05-21 15:08:38.256481+00:00,27,73,yes
5f42d4dc-bb0a-4613-9169-462b5f3aa12e,KXNBAGAME-25MAY22MINOKC-MIN,20,2025-05-21 15:10:39.976030+00:00,26,74,yes
033ab044-e2a7-45d2-bb36-6b93953a1bd6,KXNBAGAME-25MAY22MINOKC-MIN,50,2025-05-21 15:10:53.435760+00:00,26,74,yes
545eee43-cea7-4e99-bfb1-a4df5470641e,KXNBAGAME-25MAY22MINOKC-MIN,13,2025-05-21 15:11:23.392344+00:00,26,74,yes
93a53cd0-6d9a-4988-8e05-01fa9aaf4198,KXNBAGAME-25MAY22MINOKC-MIN,22,2025-05-21 15:11:23.392344+00:00,27,73,yes
a8ed5ebb-006f-4235-b026-fd19489bdcfc,KXNBAGAME-25MAY22MINOKC-MIN,100,2025-05-21 15:12:46.587545+00:00,27,73,yes
e03fcf8a-610d-418d-a421-e66e578e8436,KXNBAGAME-25MAY22MINOKC-MIN,498,2025-05-21 15:15:07.530287+00:00,26,74,yes
4705c19e-9253-4c97-a497-d033ddbd166c,KXNBAGAME-25MAY22MINOKC-MIN,1,2025-05-21 15:16:01.425728+00:00,26,74,yes
36b12039-2eed-489c-aa9c-a7d822432bbe,KXNBAGAME-25MAY22MINOKC-MIN,1,2025-05-21 15:18:11.267357+00:00,25,75,no
7d9c33a5-af00-4245-a751-e8924d8e51c1,KXNBAGAME-25MAY22MINOKC-MIN,6,2025-05-21 15:19:12.254448+00:00,26,74,yes
f98563cd-4f7f-4388-a679-b6f27ad1ef84,KXNBAGAME-25MAY22MINOKC-MIN,5,2025-05-21 15:19:12.254448+00:00,26,74,yes
cdfefdfc-7d0d-49cc-ac06-ed4678f88423,KXNBAGAME-25MAY22MINOKC-MIN,4089,2025-05-21 15:19:54.735313+00:00,27,73,yes
44dc28da-40fa-410f-bc6f-4a5cbb95cbfd,KXNBAGAME-25MAY22MINOKC-MIN,105,2025-05-21 15:20:04.487188+00:00,27,73,yes
e00c9fc5-2b94-4743-9a10-9fddf994f274,KXNBAGAME-25MAY22MINOKC-MIN,900,2025-05-21 15:20:10.852165+00:00,27,73,yes
cfdee322-58f1-4356-8abb-cf63e81da1c1,KXNBAGAME-25MAY22MINOKC-MIN,6,2025-05-21 15:23:01.152412+00:00,26,74,yes
60632be4-334a-4651-b781-ed5c115d87af,KXNBAGAME-25MAY22MINOKC-MIN,19,2025-05-21 15:24:03.051956+00:00,26,74,yes
779174bc-507c-44b4-b51e-6ebb6347355e,KXNBAGAME-25MAY22MINOKC-MIN,17,2025-05-21 15:24:26.829866+00:00,27,73,yes
5e2003bb-debe-4fbd-abfd-a13aa16c7012,KXNBAGAME-25MAY22MINOKC-MIN,10,2025-05-21 15:25:16.532021+00:00,27,73,yes
b3e5c15c-17be-4c05-a3d2-21460415aeb3,KXNBAGAME-25MAY22MINOKC-MIN,100,2025-05-21 15:27:43.752632+00:00,26,74,yes
7be2c5de-d405-4555-b191-250cc47e7f21,KXNBAGAME-25MAY22MINOKC-MIN,44,2025-05-21 15:31:18.725501+00:00,26,74,yes
99d90f80-4684-4295-bc04-fcd046217540,KXNBAGAME-25MAY22MINOKC-MIN,1,2025-05-21 15:31:18.725501+00:00,26,74,yes
46475147-efa9-402b-9022-738ca26e12da,KXNBAGAME-25MAY22MINOKC-MIN,6,2025-05-21 15:32:09.196356+00:00,26,74,yes
7c440ee6-86cc-4796-b600-fa79a6ebfdd0,KXNBAGAME-25MAY22MINOKC-MIN,200,2025-05-21 15:32:39.207754+00:00,27,73,yes
920fdcb6-d23b-49c1-8648-50e6dcf44302,KXNBAGAME-25MAY22MINOKC-MIN,5,2025-05-21 15:32:51.715436+00:00,27,73,yes
18bf303a-d1db-4bad-ba5b-0955adf618f0,KXNBAGAME-25MAY22MINOKC-MIN,200,2025-05-21 15:32:54.276937+00:00,27,73,yes
ad72b8a6-34f5-4dc3-a87e-6a85c87bfc55,KXNBAGAME-25MAY22MINOKC-MIN,500,2025-05-21 15:34:29.943698+00:00,27,73,yes
99abba17-317b-4bf3-ba11-ce6f1deee84d,KXNBAGAME-25MAY22MINOKC-MIN,3,2025-05-21 15:35:12.385510+00:00,27,73,yes
8300507a-a474-4c7e-a456-2189861c3109,KXNBAGAME-25MAY22MINOKC-MIN,100,2025-05-21 15:35:26.660152+00:00,27,73,yes
8ab3316a-6313-42fb-b9f8-05ad5929329b,KXNBAGAME-25MAY22MINOKC-MIN,1000,2025-05-21 15:35:56.298462+00:00,27,73,yes
f6809c6a-d1c8-470e-9b76-d0a01b3f3f38,KXNBAGAME-25MAY22MINOKC-MIN,69,2025-05-21 15:36:06.866424+00:00,27,73,yes
31db9cc5-c850-4303-ba5a-f4447a8bacda,KXNBAGAME-25MAY22MINOKC-MIN,350,2025-05-21 15:36:33.248185+00:00,27,73,yes
7b9fdbfe-c828-4cd9-ae17-0d9b3fcb6c64,KXNBAGAME-25MAY22MINOKC-MIN,100,2025-05-21 15:39:35.522276+00:00,27,73,yes
319ce4f5-1b62-4f91-8e9d-bb0203b588e9,KXNBAGAME-25MAY22MINOKC-MIN,220,2025-05-21 15:40:26.416779+00:00,27,73,yes
891c071f-a7ef-45bc-a7d2-b6bbfb1cb2c1,KXNBAGAME-25MAY22MINOKC-MIN,344,2025-05-21 15:40:51.833578+00:00,27,73,yes
f4eea8f9-2c76-43c4-9f12-5d9bdb24744b,KXNBAGAME-25MAY22MINOKC-MIN,164,2025-05-21 15:41:17.996422+00:00,27,73,yes
41c462e1-da51-420f-a33b-1685929592fd,KXNBAGAME-25MAY22MINOKC-MIN,47,2025-05-21 15:42:33.142636+00:00,27,73,yes
87afe376-6f4b-4e90-8cf0-f0cc774ec4fa,KXNBAGAME-25MAY22MINOKC-MIN,2000,2025-05-21 15:42:44.955849+00:00,27,73,yes
8ad47240-55fc-4852-87c5-bebe1c44cfee,KXNBAGAME-25MAY22MINOKC-MIN,497,2025-05-21 15:43:23.329464+00:00,26,74,no
6d04eba8-1c68-4046-88f6-61e3ba42511c,KXNBAGAME-25MAY22MINOKC-MIN,2,2025-05-21 15:43:39.659463+00:00,26,74,no
9ad71018-e559-4fb0-ae5e-1d7b383aff80,KXNBAGAME-25MAY22MINOKC-MIN,176,2025-05-21 15:46:39.126394+00:00,27,73,yes
e2f154b1-b8a6-48cd-b901-1732d4ed0214,KXNBAGAME-25MAY22MINOKC-MIN,17,2025-05-21 15:46:42.706098+00:00,26,74,no
837bc49e-251a-4e20-8f05-266c23889966,KXNBAGAME-25MAY22MINOKC-MIN,300,2025-05-21 15:49:54.658089+00:00,27,73,yes
4bb337ac-2ab5-4bf2-a720-251f0703efe7,KXNBAGAME-25MAY22MINOKC-MIN,75,2025-05-21 15:50:46.182610+00:00,27,73,yes
fd61d227-96fc-4ba3-8b24-d873c3bd4bd5,KXNBAGAME-25MAY22MINOKC-MIN,150,2025-05-21 15:51:15.171855+00:00,27,73,yes
118e3e33-da54-4e71-8b02-63037f9d9006,KXNBAGAME-25MAY22MINOKC-MIN,5,2025-05-21 15:51:16.435240+00:00,27,73,yes
45411bb0-2a50-45a1-a4d2-12d5f346ecf0,KXNBAGAME-25MAY22MINOKC-MIN,10,2025-05-21 15:51:18.835826+00:00,26,74,no
0c2ee26b-0408-4d0a-ab14-24eedbcd0f3c,KXNBAGAME-25MAY22MINOKC-MIN,12,2025-05-21 15:52:28.565639+00:00,27,73,yes
36629ebe-111b-46f7-bd7d-8d17c38dcfef,KXNBAGAME-25MAY22MINOKC-MIN,1,2025-05-21 15:52:54.066622+00:00,26,74,no
819a4c37-edef-49b3-b59a-cbb3b01b40f4,KXNBAGAME-25MAY22MINOKC-MIN,10,2025-05-21 15:53:20.978092+00:00,27,73,yes
1f34a3b9-9df2-4a16-80b7-a5f4eb4dbe86,KXNBAGAME-25MAY22MINOKC-MIN,34,2025-05-21 15:54:47.559939+00:00,27,73,yes
091e1a53-c9c4-4916-9d39-de2ff175592a,KXNBAGAME-25MAY22MINOKC-MIN,925,2025-05-21 15:54:51.056891+00:00,27,73,yes
73a43818-d9f2-4f19-afdb-b1547fa06fa4,KXNBAGAME-25MAY22MINOKC-MIN,15,2025-05-21 15:55:45.602498+00:00,26,74,no
beca0a32-c700-443e-8aa0-f0af927545d7,KXNBAGAME-25MAY22MINOKC-MIN,20,2025-05-21 15:57:38.731830+00:00,27,73,yes
33cb0bfd-786d-404e-a469-91c8157f9090,KXNBAGAME-25MAY22MINOKC-MIN,8,2025-05-21 15:58:12.509153+00:00,27,73,yes
0e3525d6-9c97-406e-a3bb-7f1a70eeac66,KXNBAGAME-25MAY22MINOKC-MIN,14,2025-05-21 15:58:19.826082+00:00,27,73,yes
96a03f60-aee2-4eb0-ab28-c61d152880c6,KXNBAGAME-25MAY22MINOKC-MIN,1,2025-05-21 16:02:30.270644+00:00,27,73,yes
4bef1edc-387e-460b-b974-b4579f72a7b5,KXNBAGAME-25MAY22MINOKC-MIN,70,2025-05-21 16:03:34.031200+00:00,27,73,yes
5e2de9af-6e5d-43f7-80ab-3af71721d99d,KXNBAGAME-25MAY22MINOKC-MIN,52,2025-05-21 16:04:05.500116+00:00,27,73,yes
954e0e01-e440-4dda-81cf-9976745c4163,KXNBAGAME-25MAY22MINOKC-MIN,3,2025-05-21 16:04:29.371080+00:00,27,73,yes
587c4355-7e47-46a6-b015-59b7144ad2ba,KXNBAGAME-25MAY22MINOKC-MIN,100,2025-05-21 16:05:06.144016+00:00,27,73,yes
128f7c05-936b-47d8-b528-088f21ea1db8,KXNBAGAME-25MAY22MINOKC-MIN,17,2025-05-21 16:05:44.533032+00:00,27,73,yes
6adb6974-aa19-4427-9c7a-c1c84cb02941,KXNBAGAME-25MAY22MINOKC-MIN,5,2025-05-21 16:09:02.197541+00:00,27,73,yes
a4ca1f8e-9291-45e4-a5cd-ad87697e54a2,KXNBAGAME-25MAY22MINOKC-MIN,10,2025-05-21 16:10:22.124709+00:00,27,73,yes
b5e59105-90ac-4719-84a0-a3a441d1dd03,KXNBAGAME-25MAY22MINOKC-MIN,10,2025-05-21 16:14:59.170580+00:00,27,73,yes
98692e75-1176-4959-a49f-0b48f4f25350,KXNBAGAME-25MAY22MINOKC-MIN,1,2025-05-21 16:15:07.161823+00:00,27,73,yes
41a8024a-d73d-40e3-8cfa-c4f4cf1d20c5,KXNBAGAME-25MAY22MINOKC-MIN,72,2025-05-21 16:15:12.771048+00:00,26,74,no
f9d67fd8-5a08-406a-a9cf-77b8524600c4,KXNBAGAME-25MAY22MINOKC-MIN,87,2025-05-21 16:15:43.464280+00:00,27,73,yes
63141e94-3c14-440f-9737-01884adc2a05,KXNBAGAME-25MAY22MINOKC-MIN,344,2025-05-21 16:16:06.035364+00:00,27,73,yes
47f1a5f3-4c7e-4b63-9d13-1ce8e85752e1,KXNBAGAME-25MAY22MINOKC-MIN,20,2025-05-21 16:17:14.566249+00:00,27,73,yes
17aabb0d-eb04-44e3-ad91-8e19a787037f,KXNBAGAME-25MAY22MINOKC-MIN,1000,2025-05-21 16:18:32.832959+00:00,27,73,yes
1aa44de3-e0ae-4386-8714-88798624afe8,KXNBAGAME-25MAY22MINOKC-MIN,50,2025-05-21 16:18:40.592093+00:00,27,73,yes
cd61e53c-a18f-47d1-87f7-d818cf3fcf35,KXNBAGAME-25MAY22MINOKC-MIN,26,2025-05-21 16:19:06.345386+00:00,27,73,yes
9e4ccde0-710b-42f0-9ef6-342fce2f712c,KXNBAGAME-25MAY22MINOKC-MIN,1,2025-05-21 16:19:25.644061+00:00,27,73,yes
0d123bda-38dd-4e31-b062-0ed9dcb50488,KXNBAGAME-25MAY22MINOKC-MIN,4,2025-05-21 16:21:50.716954+00:00,27,73,yes
07a9cdb5-25ab-49b2-8dc4-50aa9fd19dc5,KXNBAGAME-25MAY22MINOKC-MIN,5,2025-05-21 16:22:17.836697+00:00,27,73,yes
dd30915a-5afc-4aaf-8974-feb2a34e29ac,KXNBAGAME-25MAY22MINOKC-MIN,35,2025-05-21 16:23:13.524217+00:00,27,73,yes
9906147d-5ce7-4275-a4f3-5b4b4345ad94,KXNBAGAME-25MAY22MINOKC-MIN,35,2025-05-21 16:23:38.892018+00:00,27,73,yes
dc4ee395-a547-40bc-855a-daa5b5910abf,KXNBAGAME-25MAY22MINOKC-MIN,20,2025-05-21 16:24:12.616656+00:00,27,73,yes
4bcec191-6872-46f8-b56a-981f7e6e1299,KXNBAGAME-25MAY22MINOKC-MIN,17,2025-05-21 16:26:26.387064+00:00,27,73,yes
5d490d58-ef9a-4de5-b54c-b245fba49917,KXNBAGAME-25MAY22MINOKC-MIN,169,2025-05-21 16:28:35.702420+00:00,27,73,yes
bed2a6ae-4a18-4a57-bb6d-6d9a0bdb4974,KXNBAGAME-25MAY22MINOKC-MIN,300,2025-05-21 16:30:22.931662+00:00,27,73,yes
877343d6-599c-485c-bc7b-91498b1c4d15,KXNBAGAME-25MAY22MINOKC-MIN,17,2025-05-21 16:32:00.502155+00:00,27,73,yes
fa3fef70-964d-4c5d-97db-68138c030641,KXNBAGAME-25MAY22MINOKC-MIN,52,2025-05-21 16:32:43.797381+00:00,27,73,yes
388541fa-c62e-4026-bb21-eb0e755462e4,KXNBAGAME-25MAY22MINOKC-MIN,10,2025-05-21 16:32:44.446864+00:00,27,73,yes
fad78a51-8273-4853-b125-a4c584a2ec26,KXNBAGAME-25MAY22MINOKC-MIN,144,2025-05-21 16:34:06.548872+00:00,27,73,yes
b778e5bd-ec03-4b64-a780-a1a6d2b5fb3a,KXNBAGAME-25MAY22MINOKC-MIN,913,2025-05-21 16:34:06.548872+00:00,27,73,yes
8c68eb75-48bd-4754-a56b-e83914ddbd1e,KXNBAGAME-25MAY22MINOKC-MIN,30,2025-05-21 16:36:00.717928+00:00,27,73,yes
eeac84fb-c506-429a-984f-6251ee6723a6,KXNBAGAME-25MAY22MINOKC-MIN,1000,2025-05-21 16:41:12.885532+00:00,27,73,yes
acfdf0cc-637c-49fc-b6e0-796d43984a4a,KXNBAGAME-25MAY22MINOKC-MIN,100,2025-05-21 16:47:58.959713+00:00,27,73,yes
619ecf01-db64-4714-a647-fcc90462cd23,KXNBAGAME-25MAY22MINOKC-MIN,100,2025-05-21 16:48:44.232331+00:00,27,73,yes
f19c8508-855d-4f17-9abe-ef893dfd2a9d,KXNBAGAME-25MAY22MINOKC-MIN,1,2025-05-21 16:48:59.232082+00:00,27,73,yes
1f7e1727-6008-448c-be6d-3889ea5f4f4d,KXNBAGAME-25MAY22MINOKC-MIN,3000,2025-05-21 16:50:37.523649+00:00,27,73,yes
f3a3ea7d-0982-4ab3-bc05-a0d6c4bca215,KXNBAGAME-25MAY22MINOKC-MIN,50,2025-05-21 16:51:04.756334+00:00,27,73,yes
e5fc70e7-06d5-4c40-9471-08e9acc77dd0,KXNBAGAME-25MAY22MINOKC-MIN,50,2025-05-21 16:51:31.336256+00:00,27,73,yes
cb93d507-ca6b-4992-806d-6f360b953bfc,KXNBAGAME-25MAY22MINOKC-MIN,11,2025-05-21 16:54:07.034986+00:00,26,74,no
0cd86402-4cc4-45d6-b940-cb981be66074,KXNBAGAME-25MAY22MINOKC-MIN,35,2025-05-21 16:54:33.426595+00:00,27,73,yes
6b948b66-4ea2-4310-b34f-e53120828526,KXNBAGAME-25MAY22MINOKC-MIN,70,2025-05-21 16:55:54.734617+00:00,27,73,yes
10df33eb-eedc-4b7c-b3b0-cecd93869221,KXNBAGAME-25MAY22MINOKC-MIN,10,2025-05-21 16:57:40.910548+00:00,26,74,no
018ffeba-e980-4aa5-9076-ea0e2efc6149,KXNBAGAME-25MAY22MINOKC-MIN,500,2025-05-21 16:59:26.696287+00:00,27,73,yes
88854103-4fb8-4734-be50-028c139dc870,KXNBAGAME-25MAY22MINOKC-MIN,100,2025-05-21 17:00:03.848995+00:00,27,73,yes
f37dbe7d-0d20-46bc-bd01-acb79fdd08e5,KXNBAGAME-25MAY22MINOKC-MIN,17,2025-05-21 17:00:15.431895+00:00,26,74,no
514d7364-4adb-432a-bb30-88cb90995f88,KXNBAGAME-25MAY22MINOKC-MIN,70,2025-05-21 17:04:53.837633+00:00,27,73,yes
d3b716a3-9287-4c3d-a42c-74ff9a12be98,KXNBAGAME-25MAY22MINOKC-MIN,20,2025-05-21 17:05:11.322066+00:00,27,73,yes
37b48aba-76f3-4cbe-ac8a-0d198d1e0608,KXNBAGAME-25MAY22MINOKC-MIN,20,2025-05-21 17:05:34.196071+00:00,27,73,yes
d76a2f26-de72-42be-8ee8-02fbc4f44363,KXNBAGAME-25MAY22MINOKC-MIN,17,2025-05-21 17:09:21.152885+00:00,27,73,yes
cdd6dd05-aa2c-4a70-88b8-52732afe5a45,KXNBAGAME-25MAY22MINOKC-MIN,400,2025-05-21 17:09:40.177479+00:00,27,73,yes
27589e59-aa11-41f2-b555-d09e17c93acf,KXNBAGAME-25MAY22MINOKC-MIN,1000,2025-05-21 17:11:05.740163+00:00,27,73,yes
41623bcb-08df-49d6-a0c0-c39974ecfc18,KXNBAGAME-25MAY22MINOKC-MIN,2467,2025-05-21 17:12:09.248639+00:00,27,73,yes
6e043b0b-39a8-4669-b1b8-0c09c08d3625,KXNBAGAME-25MAY22MINOKC-MIN,500,2025-05-21 17:12:09.248639+00:00,27,73,yes
c4f958da-fce1-4a96-99d0-2bf752225cf0,KXNBAGAME-25MAY22MINOKC-MIN,7033,2025-05-21 17:12:09.248639+00:00,27,73,yes
b8912082-2be8-4374-9ebc-a19015053faf,KXNBAGAME-25MAY22MINOKC-MIN,21,2025-05-21 17:14:10.186039+00:00,26,74,no
d069f576-e4f9-4370-a471-8c0858f0265e,KXNBAGAME-25MAY22MINOKC-MIN,1,2025-05-21 17:19:35.868390+00:00,27,73,yes
070dfa92-1c92-42ef-b2ef-9f5d64298e5e,KXNBAGAME-25MAY22MINOKC-MIN,2,2025-05-21 17:20:06.995430+00:00,27,73,yes
91795611-b3b3-4251-a044-635fb2061509,KXNBAGAME-25MAY22MINOKC-MIN,75,2025-05-21 17:23:24.915832+00:00,27,73,yes
a9cc5ea7-2bdc-43af-b3ed-c55e1e73abc8,KXNBAGAME-25MAY22MINOKC-MIN,44,2025-05-21 17:23:57.152455+00:00,27,73,yes
c0db2fca-214e-4a7e-bad3-bb4e7b0c734c,KXNBAGAME-25MAY22MINOKC-MIN,70,2025-05-21 17:27:41.016405+00:00,27,73,yes
c6abe249-6d6b-4c42-9d4a-fa67aac595b5,KXNBAGAME-25MAY22MINOKC-MIN,25,2025-05-21 17:28:39.917169+00:00,27,73,yes
bfd2eb60-e672-4c0c-ae15-33491e141a5f,KXNBAGAME-25MAY22MINOKC-MIN,85,2025-05-21 17:29:12.747454+00:00,27,73,yes
93943f42-13b3-4d38-99b7-087449c1ba11,KXNBAGAME-25MAY22MINOKC-MIN,1,2025-05-21 17:29:45.605991+00:00,27,73,yes
ff615529-f4c1-436f-aacd-78081c1172e8,KXNBAGAME-25MAY22MINOKC-MIN,25,2025-05-21 17:30:42.481269+00:00,27,73,yes
d2acf77b-66f6-4a42-8914-3561cdc1028f,KXNBAGAME-25MAY22MINOKC-MIN,4,2025-05-21 17:30:48.932066+00:00,27,73,yes
7bd490ca-777a-428b-8482-fa5957b7134d,KXNBAGAME-25MAY22MINOKC-MIN,1,2025-05-21 17:31:07.847427+00:00,26,74,no
ce10b859-878b-4b40-8ac1-1b21cd672f38,KXNBAGAME-25MAY22MINOKC-MIN,52,2025-05-21 17:31:12.859414+00:00,27,73,yes
747c161f-d230-4e92-bd5a-7479e1bcf66a,KXNBAGAME-25MAY22MINOKC-MIN,5,2025-05-21 17:31:43.380202+00:00,27,73,yes
15d60a4f-5bd8-4994-967e-e23ddb0bee71,KXNBAGAME-25MAY22MINOKC-MIN,90,2025-05-21 17:31:46.916166+00:00,27,73,yes
10bf8cc8-b6e5-4ad8-a971-4a76fd4e2ff0,KXNBAGAME-25MAY22MINOKC-MIN,10,2025-05-21 17:33:15.736871+00:00,27,73,yes
38d46e80-4da4-407b-b932-e0fe5066bdaa,KXNBAGAME-25MAY22MINOKC-MIN,300,2025-05-21 17:34:09.318313+00:00,26,74,no
ec471e46-b16b-45aa-9b52-2bed26436e3c,KXNBAGAME-25MAY22MINOKC-MIN,300,2025-05-21 17:37:23.187361+00:00,27,73,yes
8b315ac6-a514-4575-a6d2-13ca6879340d,KXNBAGAME-25MAY22MINOKC-MIN,140,2025-05-21 17:42:16.200842+00:00,27,73,yes
b5bd77d2-05be-475a-895b-3cd0b50f892b,KXNBAGAME-25MAY22MINOKC-MIN,200,2025-05-21 17:42:37.138022+00:00,27,73,yes
47c3c07c-7c49-4968-9a7b-54c8a6f80eb1,KXNBAGAME-25MAY22MINOKC-MIN,15,2025-05-21 17:42:46.877317+00:00,27,73,yes
d89eff63-ba4e-4353-8d3b-eca95a102281,KXNBAGAME-25MAY22MINOKC-MIN,30,2025-05-21 17:42:57.728026+00:00,27,73,yes
d2f76c5b-020c-4196-9001-0b85ad1add67,KXNBAGAME-25MAY22MINOKC-MIN,6,2025-05-21 17:43:12.776779+00:00,27,73,yes
ccbb6d12-cf80-4103-8459-5cfeab9e6924,KXNBAGAME-25MAY22MINOKC-MIN,50,2025-05-21 17:44:13.026552+00:00,27,73,yes
707f09ea-5301-4094-9b6d-4496df67febb,KXNBAGAME-25MAY22MINOKC-MIN,2,2025-05-21 17:44:15.584061+00:00,27,73,yes
cfb045e7-71e2-4e70-9674-d254e9322d3b,KXNBAGAME-25MAY22MINOKC-MIN,102,2025-05-21 17:44:30.154963+00:00,27,73,yes
a03f023a-a61f-4b01-b1a0-79f9abda0f96,KXNBAGAME-25MAY22MINOKC-MIN,400,2025-05-21 17:45:17.877574+00:00,27,73,yes
f7494f26-2be8-40fb-bb59-6d45524bf1fc,KXNBAGAME-25MAY22MINOKC-MIN,10,2025-05-21 17:46:19.126822+00:00,27,73,yes
b68c7690-698f-4298-96cc-67ce57326831,KXNBAGAME-25MAY22MINOKC-MIN,1,2025-05-21 17:47:26.542461+00:00,27,73,yes
9bf12931-98a7-4af5-8dea-80b7b1fbafc4,KXNBAGAME-25MAY22MINOKC-MIN,8,2025-05-21 17:47:30.564974+00:00,27,73,yes
41f65443-09cc-4f3a-b8ea-b6d476a3786d,KXNBAGAME-25MAY22MINOKC-MIN,85,2025-05-21 17:47:37.116698+00:00,27,73,yes
d97f6e66-6682-4dae-9b0a-aa3ad17b18ad,KXNBAGAME-25MAY22MINOKC-MIN,7,2025-05-21 17:50:05.149124+00:00,27,73,yes
d08af0bf-40be-4645-ba2a-854b60ac0cdf,KXNBAGAME-25MAY22MINOKC-MIN,200,2025-05-21 17:50:09.705658+00:00,27,73,yes
3c9b393a-1107-4554-9a31-3b99f213e4a7,KXNBAGAME-25MAY22MINOKC-MIN,20,2025-05-21 17:50:12.941599+00:00,26,74,no
4997ca7e-cd60-4951-8b76-f4b2942212ea,KXNBAGAME-25MAY22MINOKC-MIN,30,2025-05-21 17:51:38.946222+00:00,27,73,yes
e2965f08-c701-44e7-8062-3916ac15d7ad,KXNBAGAME-25MAY22MINOKC-MIN,1,2025-05-21 17:55:33.742526+00:00,26,74,no
9156b902-6330-4d2e-b2e4-efabd9808acd,KXNBAGAME-25MAY22MINOKC-MIN,50,2025-05-21 17:56:18.040061+00:00,27,73,yes
3d767d17-e776-4d08-9608-a8a356633691,KXNBAGAME-25MAY22MINOKC-MIN,125,2025-05-21 17:58:14.757057+00:00,27,73,yes
d90a1651-4c6f-45c3-8c1b-0a1df2c8f062,KXNBAGAME-25MAY22MINOKC-MIN,344,2025-05-21 17:58:15.054170+00:00,27,73,yes
c41ba52e-f312-419e-a966-6ac5e2cd883c,KXNBAGAME-25MAY22MINOKC-MIN,35,2025-05-21 17:59:41.809410+00:00,27,73,yes
f96c3157-9d67-4230-b90a-0d908bee83fd,KXNBAGAME-25MAY22MINOKC-MIN,162,2025-05-21 18:02:03.964730+00:00,27,73,yes
67573d93-4206-471f-a71b-960337dc4879,KXNBAGAME-25MAY22MINOKC-MIN,50,2025-05-21 18:02:13.096678+00:00,27,73,yes
3002ac11-66b4-4c16-89c8-4f2d7d9b0772,KXNBAGAME-25MAY22MINOKC-MIN,20,2025-05-21 18:03:18.665767+00:00,27,73,yes
1aff854e-2341-4880-b253-f9f718d5f0d8,KXNBAGAME-25MAY22MINOKC-MIN,20,2025-05-21 18:06:43.044274+00:00,27,73,yes
35e38c59-056e-4478-9b9d-adc73d993c5b,KXNBAGAME-25MAY22MINOKC-MIN,10,2025-05-21 18:07:22.362351+00:00,27,73,yes
d748f1bb-093a-4c88-b2b9-d68ccec67d3a,KXNBAGAME-25MAY22MINOKC-MIN,50,2025-05-21 18:09:53.807450+00:00,27,73,yes
53abc1ae-9033-4454-a6f7-7b91da027459,KXNBAGAME-25MAY22MINOKC-MIN,5,2025-05-21 18:10:19.795765+00:00,27,73,yes
2ab9f157-7f58-4489-a9cd-293f14d02ca2,KXNBAGAME-25MAY22MINOKC-MIN,10,2025-05-21 18:13:43.556011+00:00,26,74,no
1c486850-aa24-4aa8-a63b-552c6ed99c9f,KXNBAGAME-25MAY22MINOKC-MIN,4,2025-05-21 18:14:32.735964+00:00,27,73,yes
96a01f9d-3d7f-4fe1-92c6-18b65edd202d,KXNBAGAME-25MAY22MINOKC-MIN,42,2025-05-21 18:17:28.336301+00:00,27,73,yes
45866811-f86e-4b4c-8528-84df11d6789f,KXNBAGAME-25MAY22MINOKC-MIN,17,2025-05-21 18:18:17.118986+00:00,27,73,yes
b119744a-ffe6-4480-ad41-8adb0e72709f,KXNBAGAME-25MAY22MINOKC-MIN,1500,2025-05-21 18:20:02.243118+00:00,27,73,yes
7e4d7898-a281-4862-8f5f-e5a73104bbd3,KXNBAGAME-25MAY22MINOKC-MIN,400,2025-05-21 18:23:17.855922+00:00,27,73,yes
5ab842a6-dd22-467b-bf18-3d6c598cd58b,KXNBAGAME-25MAY22MINOKC-MIN,7,2025-05-21 18:23:21.557007+00:00,27,73,yes
8a91a320-6aaf-4e59-b333-b6d03d18627c,KXNBAGAME-25MAY22MINOKC-MIN,100,2025-05-21 18:28:32.856115+00:00,27,73,yes
c1083e54-7b99-4e90-8e83-f2ea68877d23,KXNBAGAME-25MAY22MINOKC-MIN,7,2025-05-21 18:31:37.804270+00:00,27,73,yes
2ead53cc-3268-4ee0-9091-e90d7c0395c8,KXNBAGAME-25MAY22MINOKC-MIN,3,2025-05-21 18:32:57.948904+00:00,27,73,yes
ec1eec5b-8967-4b6f-8699-8c3b4785c6c8,KXNBAGAME-25MAY22MINOKC-MIN,600,2025-05-21 18:33:31.535458+00:00,27,73,yes
b0b49ed1-c70d-40ff-a4ab-113d429744e4,KXNBAGAME-25MAY22MINOKC-MIN,10,2025-05-21 18:34:25.164712+00:00,27,73,yes
2d4fc3de-30bc-4cad-9333-3bb12e91b31f,KXNBAGAME-25MAY22MINOKC-MIN,500,2025-05-21 18:34:41.616821+00:00,27,73,yes
15b5aa1a-8aaf-461c-a5fe-58e9b788a905,KXNBAGAME-25MAY22MINOKC-MIN,20,2025-05-21 18:37:37.621490+00:00,26,74,no
07774902-578d-4d03-9e90-09cfde2a7f30,KXNBAGAME-25MAY22MINOKC-MIN,350,2025-05-21 18:37:39.275843+00:00,27,73,yes
2d8860f6-6a09-4efc-ab86-b6a65ba2abeb,KXNBAGAME-25MAY22MINOKC-MIN,25,2025-05-21 18:39:30.317430+00:00,27,73,yes
abcbe0f1-18e4-4534-85ac-d7b2deff5455,KXNBAGAME-25MAY22MINOKC-MIN,50,2025-05-21 18:42:07.632092+00:00,27,73,yes
e328b077-00f0-4c68-8746-95f39344d34c,KXNBAGAME-25MAY22MINOKC-MIN,100,2025-05-21 18:44:42.066210+00:00,27,73,yes
42652edf-c30d-405b-873b-d69bf92023a8,KXNBAGAME-25MAY22MINOKC-MIN,2000,2025-05-21 18:44:56.926372+00:00,26,74,no
eb7d0b28-cba5-4f88-8d7e-db6c9fe783c1,KXNBAGAME-25MAY22MINOKC-MIN,52,2025-05-21 18:44:58.767270+00:00,27,73,yes
13af1357-63b2-4c60-95f8-2b0e652fcfc4,KXNBAGAME-25MAY22MINOKC-MIN,300,2025-05-21 18:45:31.291192+00:00,27,73,yes
0dfeea1d-7ccc-4554-8100-17ef15867fc6,KXNBAGAME-25MAY22MINOKC-MIN,138,2025-05-21 18:49:34.303728+00:00,27,73,yes
76979dd4-553c-4185-8c02-14f75bfb4805,KXNBAGAME-25MAY22MINOKC-MIN,100,2025-05-21 18:50:32.638185+00:00,27,73,yes
08a21c35-0a32-4e06-9964-91fc666a90e3,KXNBAGAME-25MAY22MINOKC-MIN,1762,2025-05-21 18:53:02.212873+00:00,27,73,yes
03e7bc8a-949b-4d6d-a4c3-c48772ec94ce,KXNBAGAME-25MAY22MINOKC-MIN,10,2025-05-21 18:54:25.541765+00:00,27,73,yes
b6994d08-61d6-4a33-8252-f0915d940592,KXNBAGAME-25MAY22MINOKC-MIN,17,2025-05-21 18:54:31.636774+00:00,27,73,yes
3fe8ec96-a890-4913-ba94-0a2938b6c404,KXNBAGAME-25MAY22MINOKC-MIN,20,2025-05-21 18:54:37.786385+00:00,26,74,no
e03337b8-7a82-4219-8952-fed7975a315d,KXNBAGAME-25MAY22MINOKC-MIN,200,2025-05-21 18:57:44.108080+00:00,27,73,yes
10dd7198-4ad9-4d62-864d-ab7797f95bfb,KXNBAGAME-25MAY22MINOKC-MIN,8,2025-05-21 19:02:23.396653+00:00,27,73,yes
33b29e59-705d-472b-9004-ccce43a270c9,KXNBAGAME-25MAY22MINOKC-MIN,176,2025-05-21 19:05:20.235083+00:00,27,73,yes
243eb24f-ac0f-41bc-a569-efb54f826b7a,KXNBAGAME-25MAY22MINOKC-MIN,100,2025-05-21 19:16:55.831847+00:00,27,73,yes
dce26ea6-9c5c-435b-8303-cc8956d0a202,KXNBAGAME-25MAY22MINOKC-MIN,1,2025-05-21 19:17:16.087645+00:00,26,74,no
ef199b42-758d-4020-8539-f4316a479898,KXNBAGAME-25MAY22MINOKC-MIN,100,2025-05-21 19:17:26.331858+00:00,27,73,yes
021744cf-726a-4d28-8efa-9997c71c1798,KXNBAGAME-25MAY22MINOKC-MIN,1000,2025-05-21 19:18:01.347998+00:00,27,73,yes
cdb665d1-28a6-4544-b895-4ee1b63775e5,KXNBAGAME-25MAY22MINOKC-MIN,5,2025-05-21 19:27:28.525749+00:00,27,73,yes
100e5353-73fa-4edd-9045-9a67445227ed,KXNBAGAME-25MAY22MINOKC-MIN,17,2025-05-21 19:31:22.756393+00:00,27,73,yes
03cb63a8-36bd-4802-a54a-b1e48bac1acd,KXNBAGAME-25MAY22MINOKC-MIN,100,2025-05-21 19:31:33.952037+00:00,27,73,yes
9868aa59-05de-4fd3-8a2c-5e2c10883c71,KXNBAGAME-25MAY22MINOKC-MIN,100,2025-05-21 19:31:35.885674+00:00,26,74,no
2a2d5f70-94d3-4a66-ba49-7244294a6c29,KXNBAGAME-25MAY22MINOKC-MIN,86,2025-05-21 19:31:56.807448+00:00,27,73,yes
cdd55bb5-3932-44bd-bae0-4f82064ade2c,KXNBAGAME-25MAY22MINOKC-MIN,50,2025-05-21 19:33:30.156905+00:00,27,73,yes
783ae257-86c6-4596-9cb0-e60dbbeb11e5,KXNBAGAME-25MAY22MINOKC-MIN,10,2025-05-21 19:33:53.267407+00:00,27,73,yes
ab05f395-5b7b-4bf6-91a0-b121e98fef64,KXNBAGAME-25MAY22MINOKC-MIN,10,2025-05-21 19:35:04.077611+00:00,27,73,yes
1864edc6-ac73-47f3-8477-d414d27c0712,KXNBAGAME-25MAY22MINOKC-MIN,50,2025-05-21 19:35:50.533905+00:00,27,73,yes
1b1e2da5-29e6-40fc-930c-1b90032f7940,KXNBAGAME-25MAY22MINOKC-MIN,50,2025-05-21 19:36:05.037240+00:00,27,73,yes
c0c55b63-f610-4ba2-b912-b9745bd5cfc2,KXNBAGAME-25MAY22MINOKC-MIN,2,2025-05-21 19:37:29.920512+00:00,26,74,no
cbef976d-d2f7-4228-bf01-31abb460adb3,KXNBAGAME-25MAY22MINOKC-MIN,500,2025-05-21 19:38:12.520767+00:00,27,73,yes
39d51ab0-0801-474a-82d9-5eb2ce609d96,KXNBAGAME-25MAY22MINOKC-MIN,17,2025-05-21 19:40:37.603105+00:00,27,73,yes
4896a240-9077-4b13-9fd8-7e5678494513,KXNBAGAME-25MAY22MINOKC-MIN,50,2025-05-21 19:44:56.000064+00:00,27,73,yes
606c4f53-cbc2-4837-a315-bb9b7ffcd416,KXNBAGAME-25MAY22MINOKC-MIN,10,2025-05-21 19:46:27.467040+00:00,27,73,yes
18e226ef-4d4c-4772-906c-97bccbeec3c9,KXNBAGAME-25MAY22MINOKC-MIN,200,2025-05-21 19:51:19.333186+00:00,26,74,no
6e6b50a4-f380-4e80-9828-f69ecf789dd7,KXNBAGAME-25MAY22MINOKC-MIN,344,2025-05-21 19:53:13.656011+00:00,27,73,yes
58675149-742b-424c-8bf3-b10b76ad96d2,KXNBAGAME-25MAY22MINOKC-MIN,2500,2025-05-21 19:53:53.144752+00:00,27,73,yes
7beb0ed8-a12e-4d7f-9db5-8d599275ee61,KXNBAGAME-25MAY22MINOKC-MIN,200,2025-05-21 19:55:08.672330+00:00,27,73,yes
df7908e5-6f3c-4482-b9cd-24ea5caded2a,KXNBAGAME-25MAY22MINOKC-MIN,5,2025-05-21 19:55:10.887777+00:00,27,73,yes
c42df83c-c939-4f4f-9c19-478aba63986b,KXNBAGAME-25MAY22MINOKC-MIN,15,2025-05-21 19:55:40.548083+00:00,27,73,yes
941ef8f7-7740-421f-a872-edf54cb7d85b,KXNBAGAME-25MAY22MINOKC-MIN,17,2025-05-21 19:56:58.114938+00:00,27,73,yes
e6697dca-e11d-497e-a1e3-e733c3268599,KXNBAGAME-25MAY22MINOKC-MIN,20,2025-05-21 19:59:11.988193+00:00,27,73,yes
22a42e96-6812-40dc-b45d-3733d79c2740,KXNBAGAME-25MAY22MINOKC-MIN,500,2025-05-21 19:59:41.787142+00:00,27,73,yes
e48c7c08-6db5-4d2a-b2fe-3b6cb6701d07,KXNBAGAME-25MAY22MINOKC-MIN,250,2025-05-21 19:59:51.868098+00:00,27,73,yes
53f4abab-c06c-46ca-b0cf-bdf940eca786,KXNBAGAME-25MAY22MINOKC-MIN,10,2025-05-21 20:00:25.032809+00:00,26,74,no
05408eb9-ec72-4f79-984e-bc59bb607859,KXNBAGAME-25MAY22MINOKC-MIN,200,2025-05-21 20:02:10.308009+00:00,27,73,yes
53b5ffed-668a-4511-a879-7636252f844b,KXNBAGAME-25MAY22MINOKC-MIN,14,2025-05-21 20:02:40.817456+00:00,27,73,yes
f313575d-b2cd-4508-8e7f-bc8dc5927701,KXNBAGAME-25MAY22MINOKC-MIN,400,2025-05-21 20:03:45.097906+00:00,27,73,yes
cfc81f63-4322-47b3-8eb4-180d555d5ddd,KXNBAGAME-25MAY22MINOKC-MIN,1,2025-05-21 20:05:43.015650+00:00,27,73,yes
ad77510d-0975-41a7-ae8d-b82259916c02,KXNBAGAME-25MAY22MINOKC-MIN,1,2025-05-21 20:06:41.978545+00:00,27,73,yes
421f7e44-f906-4783-99dd-d2eee8af664e,KXNBAGAME-25MAY22MINOKC-MIN,17,2025-05-21 20:06:51.239241+00:00,27,73,yes
71424a47-0273-4a42-aa3b-3c0f7778013f,KXNBAGAME-25MAY22MINOKC-MIN,38,2025-05-21 20:06:52.190778+00:00,27,73,yes
9a35fd50-211f-40ac-87d3-319d8b7da01f,KXNBAGAME-25MAY22MINOKC-MIN,100,2025-05-21 20:08:18.826253+00:00,27,73,yes
bed90c31-c454-4686-b9f4-450ad092dac2,KXNBAGAME-25MAY22MINOKC-MIN,200,2025-05-21 20:08:56.934008+00:00,27,73,yes
f2a4134d-8561-4cfa-a713-72432f3cf880,KXNBAGAME-25MAY22MINOKC-MIN,100,2025-05-21 20:09:49.036808+00:00,27,73,yes
55c4fda4-2991-4db6-9d98-e868ebdd395b,KXNBAGAME-25MAY22MINOKC-MIN,20,2025-05-21 20:11:22.364646+00:00,27,73,yes
fd021fbb-0f66-4efb-ac34-0a3052ac8a02,KXNBAGAME-25MAY22MINOKC-MIN,10,2025-05-21 20:14:30.881967+00:00,27,73,yes
cf5af0c5-92d9-44ef-aa7d-7dd2bbd0cde7,KXNBAGAME-25MAY22MINOKC-MIN,36,2025-05-21 20:25:04.423670+00:00,27,73,yes
2c0f72ea-9207-4485-8005-ea1fe355fafc,KXNBAGAME-25MAY22MINOKC-MIN,18,2025-05-21 20:25:20.306547+00:00,27,73,yes
3a928d4b-8c29-4c09-889f-53cdc5e81247,KXNBAGAME-25MAY22MINOKC-MIN,7,2025-05-21 20:25:31.883838+00:00,27,73,yes
c0939714-8079-4e96-b293-745e9351ee02,KXNBAGAME-25MAY22MINOKC-MIN,100,2025-05-21 20:25:59.192878+00:00,27,73,yes
c0a67c85-959c-4758-9623-3a9c8735cc0e,KXNBAGAME-25MAY22MINOKC-MIN,25,2025-05-21 20:27:35.559167+00:00,26,74,no
a6861f9f-2a37-4f9a-bb16-a0a05b409a1f,KXNBAGAME-25MAY22MINOKC-MIN,20,2025-05-21 20:27:57.018581+00:00,27,73,yes
13f6453d-3ec5-4e22-a74a-dae0f4ebce58,KXNBAGAME-25MAY22MINOKC-MIN,80,2025-05-21 20:28:19.759173+00:00,27,73,yes
615972ee-b44f-4bb9-ba17-dc7e69b5e604,KXNBAGAME-25MAY22MINOKC-MIN,50,2025-05-21 20:28:24.146413+00:00,27,73,yes
dc3c1f9b-3088-4cb5-9215-285b5178ffd3,KXNBAGAME-25MAY22MINOKC-MIN,5,2025-05-21 20:34:10.215835+00:00,27,73,yes
ce162134-882f-4ba1-b945-3270801ce58d,KXNBAGAME-25MAY22MINOKC-MIN,35,2025-05-21 20:35:12.584467+00:00,27,73,yes
ba553739-ccd3-4af7-ab93-78b2cfc1dc1e,KXNBAGAME-25MAY22MINOKC-MIN,50,2025-05-21 20:35:47.355447+00:00,27,73,yes
e8073000-ee7f-4bf2-86f6-4fac19a50d59,KXNBAGAME-25MAY22MINOKC-MIN,51,2025-05-21 20:40:04.095751+00:00,27,73,yes
0dc7afa5-0437-4b37-b8ab-bb5376a9c00e,KXNBAGAME-25MAY22MINOKC-MIN,300,2025-05-21 20:42:20.043907+00:00,27,73,yes
63962890-d9f5-4410-bee6-01b42f55b5e8,KXNBAGAME-25MAY22MINOKC-MIN,10,2025-05-21 20:44:44.186063+00:00,27,73,yes
f00bafc2-9895-4d7c-afcb-751f2b96458d,KXNBAGAME-25MAY22MINOKC-MIN,64,2025-05-21 20:50:23.658371+00:00,27,73,yes
cc2f4505-0aef-4c65-a1d5-2f95dc43641f,KXNBAGAME-25MAY22MINOKC-MIN,35,2025-05-21 20:50:46.704759+00:00,27,73,yes
f51091cb-2fd6-43d1-8974-3163e5b4ff25,KXNBAGAME-25MAY22MINOKC-MIN,3,2025-05-21 20:51:28.279368+00:00,27,73,yes
665c0742-25cb-4ef6-9fcb-7f45085673a0,KXNBAGAME-25MAY22MINOKC-MIN,7,2025-05-21 20:53:05.494675+00:00,27,73,yes
37adaabb-f5aa-491b-a504-4bd8afee8cf5,KXNBAGAME-25MAY22MINOKC-MIN,10,2025-05-21 20:53:26.088233+00:00,27,73,yes
4f91de96-ae36-4dad-bb93-f193ea2c4f83,KXNBAGAME-25MAY22MINOKC-MIN,371,2025-05-21 20:54:25.078757+00:00,27,73,yes
3b2b17c0-5b48-4b66-82c1-9e6f45d01c2f,KXNBAGAME-25MAY22MINOKC-MIN,5,2025-05-21 20:54:52.368743+00:00,27,73,yes
e279b048-7e2c-4058-8122-0a4a23312c1c,KXNBAGAME-25MAY22MINOKC-MIN,1000,2025-05-21 20:55:29.430951+00:00,27,73,yes
7e80866d-b043-4196-a873-cb494d05322a,KXNBAGAME-25MAY22MINOKC-MIN,4,2025-05-21 20:57:07.668367+00:00,27,73,yes
2db079e5-f3a2-4a48-9249-a5493718e9a9,KXNBAGAME-25MAY22MINOKC-MIN,1,2025-05-21 20:58:17.343711+00:00,27,73,yes
e491bc70-c3ce-46e4-a1ba-9b909e167ca3,KXNBAGAME-25MAY22MINOKC-MIN,500,2025-05-21 21:00:00.175391+00:00,27,73,yes
fceeab08-f9e4-4fc2-852f-dc856ea09815,KXNBAGAME-25MAY22MINOKC-MIN,1000,2025-05-21 21:00:18.685203+00:00,27,73,yes
8076a5b5-1147-4278-bd52-a0b6ddff0046,KXNBAGAME-25MAY22MINOKC-MIN,16,2025-05-21 21:00:36.303939+00:00,27,73,yes
ebbbb810-0124-4557-9c70-b3885f20a094,KXNBAGAME-25MAY22MINOKC-MIN,1057,2025-05-21 21:02:28.345780+00:00,27,73,yes
0142219b-ef36-41f5-95c3-0a89234a2c19,KXNBAGAME-25MAY22MINOKC-MIN,1057,2025-05-21 21:02:39.409201+00:00,26,74,no
e06ec99c-5946-4a3e-89bc-016f5d689c78,KXNBAGAME-25MAY22MINOKC-MIN,50,2025-05-21 21:03:31.554561+00:00,27,73,yes
0888e533-ff8b-42b9-85c6-2a31eb4f1a66,KXNBAGAME-25MAY22MINOKC-MIN,20,2025-05-21 21:05:35.635806+00:00,27,73,yes
f530288f-08ec-4be5-a543-4d08253e5fae,KXNBAGAME-25MAY22MINOKC-MIN,2,2025-05-21 21:06:26.645977+00:00,27,73,yes
c62274eb-66b6-49c2-8bbf-80f4021525c4,KXNBAGAME-25MAY22MINOKC-MIN,100,2025-05-21 21:07:14.587971+00:00,27,73,yes
7dd98aca-d97d-4224-ae82-e534351b91ef,KXNBAGAME-25MAY22MINOKC-MIN,1000,2025-05-21 21:07:29.106148+00:00,27,73,yes
52873514-cb80-4841-8aad-1a396702df83,KXNBAGAME-25MAY22MINOKC-MIN,75,2025-05-21 21:08:22.382631+00:00,27,73,yes
8f8d2a89-fd70-410e-8e07-1109c64e972d,KXNBAGAME-25MAY22MINOKC-MIN,30,2025-05-21 21:08:53.222062+00:00,27,73,yes
592caae9-b736-4550-aa3b-b424e82f6289,KXNBAGAME-25MAY22MINOKC-MIN,200,2025-05-21 21:09:13.112351+00:00,27,73,yes
c22795be-009d-402e-baad-7141a20515b1,KXNBAGAME-25MAY22MINOKC-MIN,7,2025-05-21 21:09:53.005839+00:00,27,73,yes
24fbadfa-eb39-42c5-9e71-28adb831d596,KXNBAGAME-25MAY22MINOKC-MIN,200,2025-05-21 21:11:33.554576+00:00,27,73,yes
dcaa117a-999e-4dd9-9a83-633b8b63c432,KXNBAGAME-25MAY22MINOKC-MIN,25,2025-05-21 21:13:29.301914+00:00,27,73,yes
2eabe9d2-f12f-4576-b7a9-a43abe0b1a51,KXNBAGAME-25MAY22MINOKC-MIN,10,2025-05-21 21:14:09.266397+00:00,27,73,yes
b1f209d3-3b3d-4cd7-8c20-c0866b7b6eca,KXNBAGAME-25MAY22MINOKC-MIN,35,2025-05-21 21:14:26.854734+00:00,27,73,yes
50f1e18c-caba-4684-8b30-1f58dabc85f1,KXNBAGAME-25MAY22MINOKC-MIN,25,2025-05-21 21:18:06.444405+00:00,27,73,yes
d2dcacec-616c-422d-b068-f16f3af5c372,KXNBAGAME-25MAY22MINOKC-MIN,20,2025-05-21 21:18:07.138909+00:00,27,73,yes
824eedf6-a35f-4998-a640-56c6096198aa,KXNBAGAME-25MAY22MINOKC-MIN,800,2025-05-21 21:18:35.701621+00:00,27,73,yes
e4697627-d3f9-4815-837f-b53fc02b2499,KXNBAGAME-25MAY22MINOKC-MIN,10,2025-05-21 21:19:32.939192+00:00,27,73,yes
d21b17e9-9ff5-4b3b-98b4-67d880e2ea5f,KXNBAGAME-25MAY22MINOKC-MIN,100,2025-05-21 21:21:59.831914+00:00,27,73,yes
e98c0073-b7cc-4f90-8a66-ae8d1e87b326,KXNBAGAME-25MAY22MINOKC-MIN,10,2025-05-21 21:22:31.862879+00:00,27,73,yes
aeec871a-18ed-40db-a20a-6d655593489a,KXNBAGAME-25MAY22MINOKC-MIN,10,2025-05-21 21:24:05.098551+00:00,26,74,no
a15e4ab7-a03f-43c8-b696-3d40214e6d2f,KXNBAGAME-25MAY22MINOKC-MIN,35,2025-05-21 21:24:29.911617+00:00,27,73,yes
6742636f-ec90-4544-987b-9f38467d6342,KXNBAGAME-25MAY22MINOKC-MIN,85,2025-05-21 21:26:06.666781+00:00,27,73,yes
de2a264b-4826-47d8-9e17-8b4b83cf527f,KXNBAGAME-25MAY22MINOKC-MIN,115,2025-05-21 21:28:30.266093+00:00,27,73,yes
003922cc-c7ca-404b-8241-4dd82886e28a,KXNBAGAME-25MAY22MINOKC-MIN,10,2025-05-21 21:30:45.576437+00:00,27,73,yes
0d62a45d-ed16-46d4-8ec5-4dca0aca1848,KXNBAGAME-25MAY22MINOKC-MIN,19,2025-05-21 21:32:17.939053+00:00,27,73,yes
e9dcdb4e-e0cb-43f5-935c-34edac1a4ce2,KXNBAGAME-25MAY22MINOKC-MIN,3,2025-05-21 21:32:32.928301+00:00,27,73,yes
1efe20cd-8e90-4da8-8e53-5945f65d4718,KXNBAGAME-25MAY22MINOKC-MIN,50,2025-05-21 21:33:02.582191+00:00,27,73,yes
46d5808d-9f95-4463-828a-0a17b0d0156f,KXNBAGAME-25MAY22MINOKC-MIN,22,2025-05-21 21:33:17.362246+00:00,26,74,no
4d2dc6dc-cda0-4486-9331-04468807fbf7,KXNBAGAME-25MAY22MINOKC-MIN,10,2025-05-21 21:33:34.377558+00:00,27,73,yes
fcac7af1-8df3-401f-bf77-061f9d5f93eb,KXNBAGAME-25MAY22MINOKC-MIN,100,2025-05-21 21:34:25.487230+00:00,27,73,yes
1aefafdb-8aed-4f36-ae01-e85ee691d0ef,KXNBAGAME-25MAY22MINOKC-MIN,350,2025-05-21 21:35:26.136594+00:00,27,73,yes
f564368b-e0d2-42d8-a357-d542c6b6cacb,KXNBAGAME-25MAY22MINOKC-MIN,81,2025-05-21 21:36:17.521179+00:00,27,73,yes
be6275f3-4962-4e4b-b0f3-ae97ac86e165,KXNBAGAME-25MAY22MINOKC-MIN,24,2025-05-21 21:36:38.778253+00:00,27,73,yes
8ea47328-ba08-44a2-a62e-743834a90aef,KXNBAGAME-25MAY22MINOKC-MIN,20,2025-05-21 21:37:03.176474+00:00,27,73,yes
0e5e0ce3-cd2d-4af3-a1ca-a0773350c437,KXNBAGAME-25MAY22MINOKC-MIN,172,2025-05-21 21:37:10.167411+00:00,27,73,yes
aae8dbaf-73ec-4b45-a930-d325625e445f,KXNBAGAME-25MAY22MINOKC-MIN,10,2025-05-21 21:37:36.775333+00:00,27,73,yes
207067bb-c9ed-4c44-9cc2-81c893ecfaad,KXNBAGAME-25MAY22MINOKC-MIN,352,2025-05-21 21:37:51.543165+00:00,27,73,yes
071d5cb7-760d-4ef2-a7f6-a7786d402703,KXNBAGAME-25MAY22MINOKC-MIN,350,2025-05-21 21:41:37.726243+00:00,27,73,yes
b81c5a29-19d5-48d2-ae8c-8bd728624e58,KXNBAGAME-25MAY22MINOKC-MIN,10000,2025-05-21 21:41:44.155394+00:00,27,73,yes
dd057a2b-175b-45a6-a551-0aa28c4bc93b,KXNBAGAME-25MAY22MINOKC-MIN,100,2025-05-21 21:44:08.062064+00:00,27,73,yes
bc3a9fb0-cff8-42d7-83af-933d8d060abb,KXNBAGAME-25MAY22MINOKC-MIN,10,2025-05-21 21:47:12.226425+00:00,27,73,yes
859a38cf-09f6-4404-930f-5ddde4acc2c2,KXNBAGAME-25MAY22MINOKC-MIN,25,2025-05-21 21:48:58.467927+00:00,27,73,yes
02e33903-b546-42ef-8270-8c067489624e,KXNBAGAME-25MAY22MINOKC-MIN,300,2025-05-21 21:51:00.178260+00:00,27,73,yes
743b833e-2da3-48b1-b1be-d5147fad20d8,KXNBAGAME-25MAY22MINOKC-MIN,25,2025-05-21 21:55:06.408097+00:00,27,73,yes
8c58c192-b575-4b79-b37c-f141407326ef,KXNBAGAME-25MAY22MINOKC-MIN,50,2025-05-21 22:01:11.055069+00:00,27,73,yes
39bdd745-84c8-4a0b-979a-60d54ee18291,KXNBAGAME-25MAY22MINOKC-MIN,750,2025-05-21 22:04:32.604013+00:00,27,73,yes
fa1af30f-ca49-4f95-bec7-577cf06488e1,KXNBAGAME-25MAY22MINOKC-MIN,70,2025-05-21 22:05:54.605882+00:00,27,73,yes
fc269e94-b5a7-4bd7-9d11-0e12f79a70fa,KXNBAGAME-25MAY22MINOKC-MIN,140,2025-05-21 22:06:33.395971+00:00,27,73,yes
3e87f74d-42a7-4f10-bef1-1a7563016a45,KXNBAGAME-25MAY22MINOKC-MIN,420,2025-05-21 22:06:38.616525+00:00,27,73,yes
34b55ffc-3e83-4eba-9894-9da46d95129e,KXNBAGAME-25MAY22MINOKC-MIN,100,2025-05-21 22:11:01.409154+00:00,27,73,yes
a3aadd71-78d1-4a25-82b0-b8e4b8150573,KXNBAGAME-25MAY22MINOKC-MIN,250,2025-05-21 22:18:09.948182+00:00,27,73,yes
bfa5cff8-b89c-47f2-a016-7d888047847e,KXNBAGAME-25MAY22MINOKC-MIN,10,2025-05-21 22:18:18.209771+00:00,27,73,yes
8d1ffc86-8514-47f6-a8a3-60b6d13e6b96,KXNBAGAME-25MAY22MINOKC-MIN,5,2025-05-21 22:20:30.578831+00:00,27,73,yes
fdc09a1c-f021-47ef-8c27-c496ba84bd40,KXNBAGAME-25MAY22MINOKC-MIN,2,2025-05-21 22:22:16.968249+00:00,27,73,yes
36b6c09f-6422-4ca0-ad3e-671384a0043f,KXNBAGAME-25MAY22MINOKC-MIN,50,2025-05-21 22:24:09.643903+00:00,27,73,yes
b643d795-d815-4541-b5d8-170da8d0fc8f,KXNBAGAME-25MAY22MINOKC-MIN,120,2025-05-21 22:25:02.825657+00:00,27,73,yes
0dffc502-e34c-4c89-83f7-8a481142e276,KXNBAGAME-25MAY22MINOKC-MIN,115,2025-05-21 22:26:07.495838+00:00,27,73,yes
58af910a-b78a-4b5f-956d-d19861a042ee,KXNBAGAME-25MAY22MINOKC-MIN,200,2025-05-21 22:27:33.439498+00:00,27,73,yes
4fd182db-da69-4aaf-b41e-f657dee9cfc0,KXNBAGAME-25MAY22MINOKC-MIN,142,2025-05-21 22:28:49.950218+00:00,27,73,yes
9601cc21-2fb6-4520-bcd2-60efd132ed6f,KXNBAGAME-25MAY22MINOKC-MIN,150,2025-05-21 22:30:36.362428+00:00,27,73,yes
61c559f2-8f6c-41e8-9f13-d34ad7b327d1,KXNBAGAME-25MAY22MINOKC-MIN,17,2025-05-21 22:31:30.376973+00:00,27,73,yes
84cc511d-0920-43fa-8a67-c9004a1250e2,KXNBAGAME-25MAY22MINOKC-MIN,52,2025-05-21 22:31:54.707264+00:00,27,73,yes
f4c68c85-8c58-4bb8-bc47-58f749d5c7a6,KXNBAGAME-25MAY22MINOKC-MIN,70,2025-05-21 22:33:23.890356+00:00,27,73,yes
7942e871-b1b2-40e4-828b-5b15417d4a69,KXNBAGAME-25MAY22MINOKC-MIN,5,2025-05-21 22:37:42.017138+00:00,27,73,yes
93f4c0f7-aac1-4b03-b009-32eff402f0ec,KXNBAGAME-25MAY22MINOKC-MIN,7,2025-05-21 22:40:00.322163+00:00,27,73,yes
0b9df271-82c1-4368-91a6-bbd09092a19e,KXNBAGAME-25MAY22MINOKC-MIN,28,2025-05-21 22:40:55.755650+00:00,27,73,yes
0943da8d-2f27-4995-befb-3c56875e9aa4,KXNBAGAME-25MAY22MINOKC-MIN,50,2025-05-21 22:42:43.103441+00:00,26,74,no
1afca787-5b9b-4d6d-9a3a-46c7ddff929c,KXNBAGAME-25MAY22MINOKC-MIN,1,2025-05-21 22:44:01.732428+00:00,27,73,yes
e089dd97-758e-4395-9c30-c6a8f08e6086,KXNBAGAME-25MAY22MINOKC-MIN,2,2025-05-21 22:44:15.849839+00:00,27,73,yes
01d112cb-d371-41ae-8b46-342185951622,KXNBAGAME-25MAY22MINOKC-MIN,70,2025-05-21 22:47:00.227446+00:00,27,73,yes
355fe904-af89-473f-b932-96cb0bb9f110,KXNBAGAME-25MAY22MINOKC-MIN,5,2025-05-21 22:48:21.966804+00:00,27,73,yes
17821701-a06b-41ac-92fc-e3ab287ecd94,KXNBAGAME-25MAY22MINOKC-MIN,1000,2025-05-21 22:48:44.942730+00:00,27,73,yes
9831f7df-8658-474a-8637-c3200b37f74a,KXNBAGAME-25MAY22MINOKC-MIN,100,2025-05-21 22:49:48.645819+00:00,27,73,yes
8d568bcd-c518-47c2-829f-e6d5766ac29a,KXNBAGAME-25MAY22MINOKC-MIN,18,2025-05-21 22:49:51.909361+00:00,27,73,yes
aac0f99a-0157-43e7-935c-2c57d3ed71ea,KXNBAGAME-25MAY22MINOKC-MIN,2483,2025-05-21 22:50:42.566740+00:00,27,73,yes
142a9346-7870-4a14-9ee7-0a642482686a,KXNBAGAME-25MAY22MINOKC-MIN,2687,2025-05-21 22:50:42.566740+00:00,27,73,yes
d4191a27-fc07-406b-a6d9-98cad8891903,KXNBAGAME-25MAY22MINOKC-MIN,1,2025-05-21 22:50:59.485732+00:00,27,73,yes
ac9d0856-37b5-4d74-aadc-c231064cbe0e,KXNBAGAME-25MAY22MINOKC-MIN,2,2025-05-21 22:51:42.907768+00:00,26,74,no
2ac5b837-4828-49ed-81fd-d7258d541642,KXNBAGAME-25MAY22MINOKC-MIN,200,2025-05-21 22:55:02.728922+00:00,27,73,yes
27a669e5-78b0-4a3c-b82e-f5c49913f966,KXNBAGAME-25MAY22MINOKC-MIN,100,2025-05-21 22:56:13.651179+00:00,27,73,yes
84008fac-6c99-44f5-b3ce-afb3ea5a16cc,KXNBAGAME-25MAY22MINOKC-MIN,10,2025-05-21 22:57:42.294943+00:00,27,73,yes
0a58a3fe-0cfe-4b92-b011-2667d4fa0c9e,KXNBAGAME-25MAY22MINOKC-MIN,8,2025-05-21 22:59:34.225825+00:00,27,73,yes
b398da7d-6277-4f4a-abcd-6f1eb0b1efad,KXNBAGAME-25MAY22MINOKC-MIN,20,2025-05-21 23:02:44.362516+00:00,27,73,yes
8c643297-5cc2-499e-bbbe-f2aab785391c,KXNBAGAME-25MAY22MINOKC-MIN,150,2025-05-21 23:03:35.837153+00:00,27,73,yes
15a0020e-c72e-4981-a4f8-b6aafdd98947,KXNBAGAME-25MAY22MINOKC-MIN,100,2025-05-21 23:04:41.668293+00:00,27,73,yes
a0562005-1809-4f2f-9302-35b850ede025,KXNBAGAME-25MAY22MINOKC-MIN,880,2025-05-21 23:06:13.294976+00:00,27,73,yes
86e3add3-0f3d-46bb-93d6-9955265280ee,KXNBAGAME-25MAY22MINOKC-MIN,1500,2025-05-21 23:07:18.639961+00:00,27,73,yes
0a1bee89-dcce-47dc-b9bf-b95eb0d1b739,KXNBAGAME-25MAY22MINOKC-MIN,52,2025-05-21 23:08:26.159332+00:00,27,73,yes
5d9efd3e-9685-4d57-be86-ab6d16a43b19,KXNBAGAME-25MAY22MINOKC-MIN,17,2025-05-21 23:09:03.967616+00:00,27,73,yes
6031a862-fbe2-4418-bc73-3edea8d769cd,KXNBAGAME-25MAY22MINOKC-MIN,50,2025-05-21 23:09:04.105127+00:00,27,73,yes
0736b124-a605-48d3-8b1d-fbc8e05c0fae,KXNBAGAME-25MAY22MINOKC-MIN,300,2025-05-21 23:09:49.645617+00:00,27,73,yes
52543b53-789f-45e2-a5ea-65450361cce4,KXNBAGAME-25MAY22MINOKC-MIN,1,2025-05-21 23:11:22.387263+00:00,27,73,yes
c01a1df4-b0f4-48be-aac3-5d6fbe374c13,KXNBAGAME-25MAY22MINOKC-MIN,10,2025-05-21 23:14:25.272545+00:00,27,73,yes
d83cf9e4-9dca-4fba-bc00-a3a0d97b11f4,KXNBAGAME-25MAY22MINOKC-MIN,7,2025-05-21 23:16:57.691394+00:00,27,73,yes
5d8c3e9d-c91f-4f2d-9a25-c27c27981dc3,KXNBAGAME-25MAY22MINOKC-MIN,52,2025-05-21 23:17:35.939857+00:00,27,73,yes
cd519075-5063-4fce-951a-2c4403965709,KXNBAGAME-25MAY22MINOKC-MIN,18,2025-05-21 23:17:36.285877+00:00,27,73,yes
31de98f3-2713-49f7-b274-5a02d11f5379,KXNBAGAME-25MAY22MINOKC-MIN,150,2025-05-21 23:20:45.036849+00:00,27,73,yes
1b66d727-8610-4c9c-9ec9-2bb88befae3b,KXNBAGAME-25MAY22MINOKC-MIN,10,2025-05-21 23:21:11.909546+00:00,27,73,yes
1f85ffa6-93c9-47ec-9779-54532a9fdac6,KXNBAGAME-25MAY22MINOKC-MIN,17,2025-05-21 23:22:16.929235+00:00,27,73,yes
34fc1835-2e75-4da8-b871-d886a543c44b,KXNBAGAME-25MAY22MINOKC-MIN,352,2025-05-21 23:25:25.421515+00:00,27,73,yes
528a7226-bf4c-42c2-96ae-16ba002c99ef,KXNBAGAME-25MAY22MINOKC-MIN,20,2025-05-21 23:30:00.397395+00:00,27,73,yes
3b3f12e3-f263-4e8e-9d82-880512b180b5,KXNBAGAME-25MAY22MINOKC-MIN,70,2025-05-21 23:31:12.459440+00:00,27,73,yes
f3d65806-4de5-46d0-9282-d8da337dfe03,KXNBAGAME-25MAY22MINOKC-MIN,80,2025-05-21 23:32:44.227368+00:00,27,73,yes
781d461b-85a3-4a05-b02f-13172ba67aa0,KXNBAGAME-25MAY22MINOKC-MIN,300,2025-05-21 23:35:48.787674+00:00,27,73,yes
4ba88c64-7478-47be-a356-d08ac9ad224f,KXNBAGAME-25MAY22MINOKC-MIN,100,2025-05-21 23:38:32.694303+00:00,27,73,yes
8967f15c-ebad-4f84-9821-6b9af042f141,KXNBAGAME-25MAY22MINOKC-MIN,100,2025-05-21 23:41:05.216098+00:00,27,73,yes
1c390dee-2069-42e7-a67c-7948d3566c33,KXNBAGAME-25MAY22MINOKC-MIN,100,2025-05-21 23:41:26.732500+00:00,27,73,yes
8aa55d46-9050-48a5-982b-21bc7204272f,KXNBAGAME-25MAY22MINOKC-MIN,52,2025-05-21 23:43:46.589506+00:00,26,74,no
d29dec69-0a40-4bc1-9aa9-a9283c23837c,KXNBAGAME-25MAY22MINOKC-MIN,9,2025-05-21 23:48:58.356743+00:00,27,73,yes
8ead7c37-81ba-4d9c-974d-c258cf951722,KXNBAGAME-25MAY22MINOKC-MIN,250,2025-05-21 23:50:09.746121+00:00,27,73,yes
80b8df8e-b967-404d-87e0-5450a48fd5c5,KXNBAGAME-25MAY22MINOKC-MIN,1,2025-05-21 23:57:05.097502+00:00,27,73,yes
d23d95b2-4f85-48ce-bb64-f0b4b575570a,KXNBAGAME-25MAY22MINOKC-MIN,5,2025-05-21 23:59:40.074434+00:00,27,73,yes
cf8a7a54-4c98-4949-aaae-39bcafd5e8f2,KXNBAGAME-25MAY22MINOKC-MIN,5,2025-05-22 00:00:16.535614+00:00,26,74,no
82ee8255-9652-45ab-8c94-405c89844fd9,KXNBAGAME-25MAY22MINOKC-MIN,70,2025-05-22 00:00:43.571992+00:00,27,73,yes
b04041c7-f2c7-4717-9d2c-7efdd6691614,KXNBAGAME-25MAY22MINOKC-MIN,50,2025-05-22 00:00:44.640518+00:00,27,73,yes
cdd2417b-dbb4-4924-a932-9bb6d88046bb,KXNBAGAME-25MAY22MINOKC-MIN,100,2025-05-22 00:01:06.846395+00:00,26,74,no
b9b9536b-7adf-4546-8bb6-640572f5f986,KXNBAGAME-25MAY22MINOKC-MIN,120,2025-05-22 00:01:23.617309+00:00,27,73,yes
b4e1991f-8ca1-4504-ba4d-635da0e65e59,KXNBAGAME-25MAY22MINOKC-MIN,1,2025-05-22 00:01:57.567318+00:00,27,73,yes
26cf265d-ea37-4a10-b83f-b8da4ecca0d6,KXNBAGAME-25MAY22MINOKC-MIN,100,2025-05-22 00:03:01.455936+00:00,27,73,yes
0ea0f9bd-db33-4f1b-9175-f9ba749056b7,KXNBAGAME-25MAY22MINOKC-MIN,38,2025-05-22 00:04:37.788669+00:00,27,73,yes
503578cc-c4d5-4821-8fa8-3499b4f41dd2,KXNBAGAME-25MAY22MINOKC-MIN,50,2025-05-22 00:06:40.312525+00:00,27,73,yes
41cdb923-f385-4d91-a81f-57ef0861f1ab,KXNBAGAME-25MAY22MINOKC-MIN,2,2025-05-22 00:07:01.353741+00:00,27,73,yes
2ff7bf26-310f-4ea4-b5d0-6852133553bc,KXNBAGAME-25MAY22MINOKC-MIN,100,2025-05-22 00:12:13.112128+00:00,27,73,yes
aa7ba205-b807-4751-a425-70993e735883,KXNBAGAME-25MAY22MINOKC-MIN,5170,2025-05-22 00:12:15.444691+00:00,27,73,yes
0659124f-be9b-46b6-8986-7e22374d7cd1,KXNBAGAME-25MAY22MINOKC-MIN,176,2025-05-22 00:12:36.731989+00:00,27,73,yes
f3876cf2-ffd8-4f36-98de-f035194e369d,KXNBAGAME-25MAY22MINOKC-MIN,35,2025-05-22 00:12:59.078736+00:00,27,73,yes
ecb61372-9db0-470e-9d03-400b33c46faf,KXNBAGAME-25MAY22MINOKC-MIN,1773,2025-05-22 00:13:46.057842+00:00,27,73,yes
b5bc6681-fb72-4fc4-baee-0a58523f7986,KXNBAGAME-25MAY22MINOKC-MIN,88,2025-05-22 00:14:12.232136+00:00,27,73,yes
0fccf819-9ef2-47e5-9f24-3b38b8888db5,KXNBAGAME-25MAY22MINOKC-MIN,500,2025-05-22 00:14:28.841493+00:00,27,73,yes
3ef67973-0a77-4c46-b35e-fd9e55fac9c8,KXNBAGAME-25MAY22MINOKC-MIN,40,2025-05-22 00:14:44.826464+00:00,27,73,yes
50715e61-0c47-4c1e-9aa5-c31651ee59e4,KXNBAGAME-25MAY22MINOKC-MIN,25,2025-05-22 00:14:57.425946+00:00,27,73,yes
b942c4c8-dffc-4cf4-961c-fa92455e21fd,KXNBAGAME-25MAY22MINOKC-MIN,34,2025-05-22 00:17:52.090519+00:00,27,73,yes
5e9e1036-0e99-44cc-b8f6-d14c42f23dcc,KXNBAGAME-25MAY22MINOKC-MIN,20,2025-05-22 00:17:53.216428+00:00,27,73,yes
ebb5e45c-8eb3-49c4-b783-837885c8bbd2,KXNBAGAME-25MAY22MINOKC-MIN,115,2025-05-22 00:18:21.308837+00:00,26,74,no
2fa1ed87-5e28-444d-8357-96fa985a10b3,KXNBAGAME-25MAY22MINOKC-MIN,352,2025-05-22 00:19:30.578947+00:00,27,73,yes
f3899f32-9f92-4bca-a7d3-0fefe48cfd63,KXNBAGAME-25MAY22MINOKC-MIN,5,2025-05-22 00:20:05.918343+00:00,27,73,yes
9180498c-2bd9-4813-bf3d-a2fae782ddb0,KXNBAGAME-25MAY22MINOKC-MIN,35,2025-05-22 00:21:19.498212+00:00,27,73,yes
569fffdf-abee-48f7-8812-9aa81c29fe33,KXNBAGAME-25MAY22MINOKC-MIN,111,2025-05-22 00:21:51.909687+00:00,27,73,yes
78e37f53-3fa0-4ccf-be3e-8bf3e212d9ea,KXNBAGAME-25MAY22MINOKC-MIN,25,2025-05-22 00:22:33.331868+00:00,27,73,yes
2e2cee6b-cdb6-4de7-87c9-38f32b8a27d6,KXNBAGAME-25MAY22MINOKC-MIN,17,2025-05-22 00:24:44.571475+00:00,26,74,no
9053ee5b-554c-4597-ba25-a59cf21b3e1f,KXNBAGAME-25MAY22MINOKC-MIN,350,2025-05-22 00:25:22.412199+00:00,27,73,yes
8eeb8bdf-36d8-46af-baf7-655233d60db4,KXNBAGAME-25MAY22MINOKC-MIN,88,2025-05-22 00:27:13.055481+00:00,27,73,yes
e7ffa8c7-fe3d-4c74-b608-8ddf4f930dbe,KXNBAGAME-25MAY22MINOKC-MIN,100,2025-05-22 00:28:07.315583+00:00,27,73,yes
b0e1d634-f308-41cd-809d-a18a215fb5da,KXNBAGAME-25MAY22MINOKC-MIN,200,2025-05-22 00:28:49.137505+00:00,27,73,yes
deb4ab92-43ee-4336-9c0c-41893581944c,KXNBAGAME-25MAY22MINOKC-MIN,352,2025-05-22 00:33:19.342021+00:00,27,73,yes
67183acc-d6b7-4258-890c-ec6eff66fd41,KXNBAGAME-25MAY22MINOKC-MIN,100,2025-05-22 00:35:14.939468+00:00,27,73,yes
b1a1e752-3de7-4a33-8184-d0b0377eaadf,KXNBAGAME-25MAY22MINOKC-MIN,3,2025-05-22 00:37:39.331410+00:00,27,73,yes
c7f018a3-3daf-4268-80d8-874b5ff66e9d,KXNBAGAME-25MAY22MINOKC-MIN,50,2025-05-22 00:39:53.665778+00:00,27,73,yes
c8c4c9ca-7f7d-4d08-a140-e89e59a57cfc,KXNBAGAME-25MAY22MINOKC-MIN,100,2025-05-22 00:40:04.562017+00:00,27,73,yes
2f4e4ceb-c385-49bd-8e58-19f952119a4b,KXNBAGAME-25MAY22MINOKC-MIN,10,2025-05-22 00:42:07.356946+00:00,26,74,no
300d2300-de93-40e2-8c53-5828d2eddec2,KXNBAGAME-25MAY22MINOKC-MIN,200,2025-05-22 00:42:40.394613+00:00,27,73,yes
e1e95ca0-d583-4722-8539-d23503164415,KXNBAGAME-25MAY22MINOKC-MIN,100,2025-05-22 00:43:11.504310+00:00,27,73,yes
e714a91c-d8ff-42fa-ba9c-a622ca8fda9e,KXNBAGAME-25MAY22MINOKC-MIN,1,2025-05-22 00:46:22.504458+00:00,27,73,yes
bbe13837-c186-42e5-b106-9ef6c6e1a457,KXNBAGAME-25MAY22MINOKC-MIN,5,2025-05-22 00:46:54.725105+00:00,27,73,yes
59c3755f-84ac-448a-b608-799847266c31,KXNBAGAME-25MAY22MINOKC-MIN,57,2025-05-22 00:50:07.127034+00:00,27,73,yes
e6787e74-b7b8-4ce7-93e6-938ca5bb7beb,KXNBAGAME-25MAY22MINOKC-MIN,1,2025-05-22 00:50:47.797394+00:00,27,73,yes
63e4ff4a-eae1-4d29-acfb-52cf10892c5d,KXNBAGAME-25MAY22MINOKC-MIN,500,2025-05-22 00:52:19.002329+00:00,27,73,yes
29e0e153-06bf-4487-8983-042a48813d85,KXNBAGAME-25MAY22MINOKC-MIN,8,2025-05-22 00:55:20.556488+00:00,27,73,yes
0b222235-e331-4e4e-baf0-a5a8786aeda5,KXNBAGAME-25MAY22MINOKC-MIN,20,2025-05-22 00:57:18.505439+00:00,27,73,yes
4fb3c96c-b1d8-4856-8211-fabf26deab6c,KXNBAGAME-25MAY22MINOKC-MIN,3,2025-05-22 00:59:27.096324+00:00,27,73,yes
a2f2c586-3cdd-424f-900a-831ea9cf3bc6,KXNBAGAME-25MAY22MINOKC-MIN,5,2025-05-22 01:03:59.435740+00:00,27,73,yes
6e14ebc9-07af-4aa5-8684-959421d1b5d0,KXNBAGAME-25MAY22MINOKC-MIN,176,2025-05-22 01:05:45.762303+00:00,27,73,yes
5e36e2d4-498d-4a84-8354-8879e6b08b75,KXNBAGAME-25MAY22MINOKC-MIN,20,2025-05-22 01:06:00.811096+00:00,27,73,yes
f1248e62-a3b9-4056-897a-e12bdb1bb0fd,KXNBAGAME-25MAY22MINOKC-MIN,100,2025-05-22 01:07:31.217502+00:00,27,73,yes
ac01688a-f2f6-4c83-b9db-36b2adf5f8e2,KXNBAGAME-25MAY22MINOKC-MIN,90,2025-05-22 01:10:22.747135+00:00,27,73,yes
d123a9c2-8a3d-447b-9de3-af6a6e0e7ecc,KXNBAGAME-25MAY22MINOKC-MIN,300,2025-05-22 01:12:41.012445+00:00,27,73,yes
2beabe38-fcf0-42fd-ac01-df7703e22904,KXNBAGAME-25MAY22MINOKC-MIN,100,2025-05-22 01:13:51.872210+00:00,27,73,yes
2d91c934-6f70-48ab-a4b3-441c052338cd,KXNBAGAME-25MAY22MINOKC-MIN,6,2025-05-22 01:14:00.205261+00:00,27,73,yes
121dea43-9ed3-40b9-aec0-0eb24c4d38a1,KXNBAGAME-25MAY22MINOKC-MIN,50,2025-05-22 01:14:07.242160+00:00,27,73,yes
716d9896-c125-43d5-a451-dd431e975496,KXNBAGAME-25MAY22MINOKC-MIN,100,2025-05-22 01:14:07.352153+00:00,27,73,yes
74217287-4a72-4faf-8666-f32d6a36da9c,KXNBAGAME-25MAY22MINOKC-MIN,75,2025-05-22 01:15:32.369101+00:00,27,73,yes
4019dbac-7fa7-4d0c-8617-45f6ff03f896,KXNBAGAME-25MAY22MINOKC-MIN,10,2025-05-22 01:17:01.051656+00:00,27,73,yes
6f719f7d-511f-48b3-baa7-4cb651818cf3,KXNBAGAME-25MAY22MINOKC-MIN,10,2025-05-22 01:17:11.001163+00:00,27,73,yes
380a5805-611d-45bb-9063-4758ad782ad6,KXNBAGAME-25MAY22MINOKC-MIN,23,2025-05-22 01:17:37.237138+00:00,27,73,yes
7e051c71-2cff-485d-9455-2bbeef9ecdb5,KXNBAGAME-25MAY22MINOKC-MIN,277,2025-05-22 01:17:37.237138+00:00,27,73,yes
0c8539ce-efb4-49d5-b25a-ada6c5d47c7d,KXNBAGAME-25MAY22MINOKC-MIN,100,2025-05-22 01:17:42.132014+00:00,26,74,no
8ad59264-1d08-4ebd-bfdb-89ae54d6ec2f,KXNBAGAME-25MAY22MINOKC-MIN,17,2025-05-22 01:17:50.964776+00:00,27,73,yes
4932989a-b416-452a-bac0-d20b951cea15,KXNBAGAME-25MAY22MINOKC-MIN,180,2025-05-22 01:18:03.442739+00:00,27,73,yes
4c31014a-ac2e-480e-a94b-24a5724c0dd7,KXNBAGAME-25MAY22MINOKC-MIN,15,2025-05-22 01:21:23.675594+00:00,27,73,yes
01727c5b-1be6-4b91-b4f3-3ef70da8c24a,KXNBAGAME-25MAY22MINOKC-MIN,40,2025-05-22 01:21:29.983290+00:00,27,73,yes
57ae0585-f328-4ac5-91c3-ebd0469d8433,KXNBAGAME-25MAY22MINOKC-MIN,500,2025-05-22 01:23:35.345556+00:00,27,73,yes
de77286d-040a-424a-9667-b8df5b91d835,KXNBAGAME-25MAY22MINOKC-MIN,105,2025-05-22 01:26:35.448545+00:00,27,73,yes
a8982b73-e590-4f81-9547-7a869494580a,KXNBAGAME-25MAY22MINOKC-MIN,800,2025-05-22 01:28:22.889274+00:00,27,73,yes
1106e46a-dafa-4f87-99fb-09d8ca47b7ad,KXNBAGAME-25MAY22MINOKC-MIN,1,2025-05-22 01:31:33.160938+00:00,26,74,no
060aedad-39f2-480d-a7bf-a1133b52d197,KXNBAGAME-25MAY22MINOKC-MIN,100,2025-05-22 01:31:45.353505+00:00,27,73,yes
88471700-ed64-453f-8bca-b8e698c11ad9,KXNBAGAME-25MAY22MINOKC-MIN,345,2025-05-22 01:34:01.768477+00:00,27,73,yes
963963f3-d19c-49ef-ad6b-0688d545bb7b,KXNBAGAME-25MAY22MINOKC-MIN,4,2025-05-22 01:34:17.331873+00:00,27,73,yes
55a1237b-bd3d-4d78-ad56-950ce59349ea,KXNBAGAME-25MAY22MINOKC-MIN,1002,2025-05-22 01:35:51.962061+00:00,27,73,yes
c886493a-26a2-4a23-9bd9-891078b3a817,KXNBAGAME-25MAY22MINOKC-MIN,400,2025-05-22 01:38:06.185381+00:00,27,73,yes
072bfc83-8861-4267-8798-ecba35bc1632,KXNBAGAME-25MAY22MINOKC-MIN,20,2025-05-22 01:39:27.289241+00:00,27,73,yes
5a44f7a7-5058-45b4-a7d0-6211aef565df,KXNBAGAME-25MAY22MINOKC-MIN,500,2025-05-22 01:41:25.875686+00:00,27,73,yes
39b06e62-a250-45f8-a5b7-98e7556ef56a,KXNBAGAME-25MAY22MINOKC-MIN,500,2025-05-22 01:41:56.831845+00:00,27,73,yes
6fa9579b-1a34-460f-a66a-c9f60fbf2eb1,KXNBAGAME-25MAY22MINOKC-MIN,25,2025-05-22 01:45:18.077231+00:00,27,73,yes
b42a56c7-eed7-4eb6-93b9-6abdeae06dfb,KXNBAGAME-25MAY22MINOKC-MIN,100,2025-05-22 01:45:45.682384+00:00,27,73,yes
aa107001-de97-4142-bad1-1e91cdc541bf,KXNBAGAME-25MAY22MINOKC-MIN,24,2025-05-22 01:46:26.539925+00:00,27,73,yes
cfc46380-b9fb-43e2-8a78-f3c751f06311,KXNBAGAME-25MAY22MINOKC-MIN,20,2025-05-22 01:49:25.264655+00:00,27,73,yes
ca3e25d5-2b42-42ee-b9ac-71d49a9e31cd,KXNBAGAME-25MAY22MINOKC-MIN,25,2025-05-22 01:52:04.976490+00:00,27,73,yes
8fdace40-d2b3-44c1-b242-20390362fb74,KXNBAGAME-25MAY22MINOKC-MIN,155,2025-05-22 01:54:40.455322+00:00,27,73,yes
88a68a64-6e9f-4b2d-ae05-f341093a9daa,KXNBAGAME-25MAY22MINOKC-MIN,52,2025-05-22 01:55:48.809313+00:00,27,73,yes
24f417fa-d48d-4ca0-928b-a9436ff74eda,KXNBAGAME-25MAY22MINOKC-MIN,48,2025-05-22 02:01:35.059619+00:00,27,73,yes
63619a3a-5ff9-452d-9c1d-3c9a44d7a7be,KXNBAGAME-25MAY22MINOKC-MIN,55,2025-05-22 02:01:35.059619+00:00,27,73,yes
9abc34e5-ce87-4719-b3f1-31630d76e132,KXNBAGAME-25MAY22MINOKC-MIN,344,2025-05-22 02:01:56.507172+00:00,27,73,yes
798e0e36-e5b0-44fe-abee-7e16fe9c3cd6,KXNBAGAME-25MAY22MINOKC-MIN,200,2025-05-22 02:02:45.566972+00:00,27,73,yes
358e1ef6-c411-48bd-ad6b-824673b1be0f,KXNBAGAME-25MAY22MINOKC-MIN,100,2025-05-22 02:04:21.731926+00:00,27,73,yes
6370794f-f146-42e3-98b0-04a66f7978f1,KXNBAGAME-25MAY22MINOKC-MIN,300,2025-05-22 02:04:57.010116+00:00,27,73,yes
8f2abcf7-54d7-4f5b-b6b9-f7247c3f686f,KXNBAGAME-25MAY22MINOKC-MIN,10,2025-05-22 02:07:32.805187+00:00,27,73,yes
a64bf74d-a301-45de-ae4a-f431bd3f6e17,KXNBAGAME-25MAY22MINOKC-MIN,100,2025-05-22 02:08:08.631839+00:00,27,73,yes
2117342b-5fd3-4fbd-b55d-415b1b84f7bf,KXNBAGAME-25MAY22MINOKC-MIN,300,2025-05-22 02:09:28.655621+00:00,27,73,yes
163a30b8-5aa0-4e52-9299-dfa4cfa70ab3,KXNBAGAME-25MAY22MINOKC-MIN,30,2025-05-22 02:10:04.884935+00:00,27,73,yes
15a32656-fb12-4501-ad64-5eb066b049cf,KXNBAGAME-25MAY22MINOKC-MIN,50,2025-05-22 02:10:52.057151+00:00,27,73,yes
99c4c633-d295-4508-aab7-3de71c1e6c0b,KXNBAGAME-25MAY22MINOKC-MIN,10,2025-05-22 02:13:35.425626+00:00,27,73,yes
9fe97a7c-d0e7-46ec-b28a-9531413a8fea,KXNBAGAME-25MAY22MINOKC-MIN,100,2025-05-22 02:13:46.556042+00:00,27,73,yes
00bf6fc2-baab-41a4-b734-b3770d884059,KXNBAGAME-25MAY22MINOKC-MIN,20,2025-05-22 02:15:48.496939+00:00,27,73,yes
65d7acb3-d4c6-4f6f-a10c-a4ec9fbc1cb4,KXNBAGAME-25MAY22MINOKC-MIN,25,2025-05-22 02:15:58.536004+00:00,27,73,yes
8336b1f7-53a8-4071-90cb-828c9543dfab,KXNBAGAME-25MAY22MINOKC-MIN,1,2025-05-22 02:17:29.381409+00:00,27,73,yes
03908344-cedd-487b-b923-479a9b9e2728,KXNBAGAME-25MAY22MINOKC-MIN,1222,2025-05-22 02:18:28.157122+00:00,27,73,yes
32101c3a-0cca-4a97-9e0c-94435365c411,KXNBAGAME-25MAY22MINOKC-MIN,100,2025-05-22 02:18:45.786997+00:00,27,73,yes
1fe6e625-58d9-4bc8-9b15-66b257b50d87,KXNBAGAME-25MAY22MINOKC-MIN,1000,2025-05-22 02:18:51.831972+00:00,27,73,yes
b2dc7339-865e-4a1e-8b6a-4be260ac57d9,KXNBAGAME-25MAY22MINOKC-MIN,49,2025-05-22 02:19:08.099527+00:00,27,73,yes
613045b3-5af8-49ca-a9dd-5bd55d06f55b,KXNBAGAME-25MAY22MINOKC-MIN,7,2025-05-22 02:19:11.366434+00:00,27,73,yes
c43f5ffb-5741-4215-8efa-feab07ad8bf0,KXNBAGAME-25MAY22MINOKC-MIN,70,2025-05-22 02:19:42.869460+00:00,27,73,yes
7ca86aa7-de03-4428-9527-520f11d3f0cd,KXNBAGAME-25MAY22MINOKC-MIN,7,2025-05-22 02:20:38.235010+00:00,27,73,yes
bc1eb41f-8a7a-4c8d-a064-3a97e2db7eea,KXNBAGAME-25MAY22MINOKC-MIN,20,2025-05-22 02:20:40.574340+00:00,27,73,yes
35aa8dd7-b9c4-466d-87c6-8c6a21385959,KXNBAGAME-25MAY22MINOKC-MIN,7,2025-05-22 02:21:06.558336+00:00,27,73,yes
8c0684bd-2156-4193-9d40-d245e61df578,KXNBAGAME-25MAY22MINOKC-MIN,17618,2025-05-22 02:21:52.539145+00:00,27,73,yes
0a24a0b8-d8ac-4741-ac9f-594db503d2c0,KXNBAGAME-25MAY22MINOKC-MIN,500,2025-05-22 02:22:27.206405+00:00,27,73,yes
217d6845-3172-4789-80c8-c973e7541bed,KXNBAGAME-25MAY22MINOKC-MIN,100,2025-05-22 02:23:09.096135+00:00,27,73,yes
8331ccbf-9c4e-4730-831e-d2e00f3ab742,KXNBAGAME-25MAY22MINOKC-MIN,160,2025-05-22 02:23:33.853702+00:00,27,73,yes
6b253765-314c-427b-b420-5a4013b8dbc1,KXNBAGAME-25MAY22MINOKC-MIN,100,2025-05-22 02:25:48.823499+00:00,27,73,yes
a888e869-88f0-4302-8177-5e54e1d87a62,KXNBAGAME-25MAY22MINOKC-MIN,10,2025-05-22 02:26:00.257819+00:00,27,73,yes
eaf55ba0-fa04-4516-a29b-3cf65b217262,KXNBAGAME-25MAY22MINOKC-MIN,35,2025-05-22 02:27:46.355525+00:00,27,73,yes
763c4ed5-7538-4d11-a632-71ee7daae665,KXNBAGAME-25MAY22MINOKC-MIN,379,2025-05-22 02:27:47.812079+00:00,26,74,no
d53ba66a-0dfa-4895-a285-8f7d5ee6f623,KXNBAGAME-25MAY22MINOKC-MIN,621,2025-05-22 02:27:47.812079+00:00,26,74,no
53cf3224-2266-4b0d-afa8-72d25fc4b7e3,KXNBAGAME-25MAY22MINOKC-MIN,50,2025-05-22 02:28:05.846914+00:00,27,73,yes
d960fab8-25ec-457e-8bf3-4692f1803c63,KXNBAGAME-25MAY22MINOKC-MIN,3450,2025-05-22 02:28:09.406045+00:00,27,73,yes
5dbc3df3-ec12-4fdc-bce4-4b4138719bb7,KXNBAGAME-25MAY22MINOKC-MIN,285,2025-05-22 02:28:13.787959+00:00,27,73,yes
932cc73f-d3bd-47f3-bef2-87010dc9858f,KXNBAGAME-25MAY22MINOKC-MIN,68,2025-05-22 02:28:16.761406+00:00,27,73,yes
21f86941-00cd-49bc-afb0-2ed290a8df3d,KXNBAGAME-25MAY22MINOKC-MIN,20,2025-05-22 02:28:30.705489+00:00,27,73,yes
0f208132-91c2-42c7-b6c5-18cd4a06e810,KXNBAGAME-25MAY22MINOKC-MIN,10000,2025-05-22 02:29:51.471962+00:00,27,73,yes
a4d80a86-ef49-420a-bd4d-c7657e78bdb6,KXNBAGAME-25MAY22MINOKC-MIN,979,2025-05-22 02:29:51.820456+00:00,27,73,yes
61d0a1a5-9159-4649-868a-bf7422224d07,KXNBAGAME-25MAY22MINOKC-MIN,757,2025-05-22 02:30:35.342237+00:00,27,73,yes
d8056054-84a2-4fdb-98d2-14a727109068,KXNBAGAME-25MAY22MINOKC-MIN,24,2025-05-22 02:31:17.963204+00:00,27,73,yes
909ea743-b47a-463e-8532-796b01bf9f79,KXNBAGAME-25MAY22MINOKC-MIN,20,2025-05-22 02:31:21.639770+00:00,27,73,yes
a8985ce3-8588-4930-9a9d-7171ce277e05,KXNBAGAME-25MAY22MINOKC-MIN,30,2025-05-22 02:31:33.838081+00:00,27,73,yes
ef117cc4-70d0-49ec-9e41-34c5ed1f765a,KXNBAGAME-25MAY22MINOKC-MIN,250,2025-05-22 02:32:10.855548+00:00,27,73,yes
6032544f-a34c-4bbd-9708-6a9267fadf67,KXNBAGAME-25MAY22MINOKC-MIN,1191,2025-05-22 02:32:32.664524+00:00,27,73,yes
5b742983-6d3e-4c86-b49a-afd6ef383ae9,KXNBAGAME-25MAY22MINOKC-MIN,1000,2025-05-22 02:32:49.873617+00:00,27,73,yes
5654e9e7-f369-4bd1-8080-9b1c11ff2a3b,KXNBAGAME-25MAY22MINOKC-MIN,2249,2025-05-22 02:33:07.888400+00:00,27,73,yes
7e05f2ec-1178-4705-8277-0727857fa1ad,KXNBAGAME-25MAY22MINOKC-MIN,200,2025-05-22 02:34:10.588244+00:00,26,74,no
0586d56d-1478-457f-99dc-90b8acca84cd,KXNBAGAME-25MAY22MINOKC-MIN,176,2025-05-22 02:36:04.560905+00:00,27,73,yes
0fcec276-11c6-40d2-8088-ea3366ace351,KXNBAGAME-25MAY22MINOKC-MIN,100,2025-05-22 02:39:52.355188+00:00,27,73,yes
d31f0b20-fdf9-4120-a71f-ab822ed9f036,KXNBAGAME-25MAY22MINOKC-MIN,100,2025-05-22 02:40:11.642392+00:00,27,73,yes
5e64870c-e877-4d65-9bf5-66a10ba89743,KXNBAGAME-25MAY22MINOKC-MIN,20,2025-05-22 02:40:24.622256+00:00,27,73,yes
ab72f339-70f0-4e49-82c0-23ebbf0800de,KXNBAGAME-25MAY22MINOKC-MIN,10,2025-05-22 02:41:22.832052+00:00,27,73,yes
1636a683-580d-4586-b695-68f5f01cf3b3,KXNBAGAME-25MAY22MINOKC-MIN,20,2025-05-22 02:42:21.088595+00:00,27,73,yes
4a315fcc-a77c-456f-91ad-84916dca64d5,KXNBAGAME-25MAY22MINOKC-MIN,50,2025-05-22 02:43:49.131915+00:00,27,73,yes
7604c330-025f-4528-95c9-f5dffab99eee,KXNBAGAME-25MAY22MINOKC-MIN,176,2025-05-22 02:43:58.985452+00:00,27,73,yes
7db78551-5c6d-46dc-87e3-4d4a7e17ae09,KXNBAGAME-25MAY22MINOKC-MIN,70,2025-05-22 02:44:06.417418+00:00,27,73,yes
5d599e05-74ce-4ada-95d7-4413bc4d7615,KXNBAGAME-25MAY22MINOKC-MIN,10,2025-05-22 02:47:51.001557+00:00,27,73,yes
86c31a27-4237-4b18-8ac9-1b6b39760e38,KXNBAGAME-25MAY22MINOKC-MIN,70,2025-05-22 02:52:33.586040+00:00,26,74,no
67587114-3ea5-4671-9777-871cb7ffc970,KXNBAGAME-25MAY22MINOKC-MIN,352,2025-05-22 02:52:46.325470+00:00,27,73,yes
3b4af1e6-7fb0-4c04-87c4-97dffb654da4,KXNBAGAME-25MAY22MINOKC-MIN,24,2025-05-22 02:54:24.354375+00:00,26,74,no
38d78de8-b934-4bec-9723-28a9f70f60e1,KXNBAGAME-25MAY22MINOKC-MIN,25,2025-05-22 02:54:34.767433+00:00,27,73,yes
fd5ba8a1-339d-4831-8b74-d7de74122ef4,KXNBAGAME-25MAY22MINOKC-MIN,3,2025-05-22 02:56:39.883858+00:00,27,73,yes
353d8788-67ee-42da-8b92-39ee14dd5ce9,KXNBAGAME-25MAY22MINOKC-MIN,40,2025-05-22 02:57:20.768769+00:00,27,73,yes
bca96c6a-1917-4077-a0ef-e8e6a23d06c4,KXNBAGAME-25MAY22MINOKC-MIN,20,2025-05-22 02:57:43.662155+00:00,27,73,yes
46498efd-7598-4c04-b0f1-1005498127ea,KXNBAGAME-25MAY22MINOKC-MIN,1773,2025-05-22 02:57:46.755910+00:00,26,74,no
8fd9fe42-2192-4962-a43a-79aba5d5be90,KXNBAGAME-25MAY22MINOKC-MIN,1191,2025-05-22 03:00:34.156151+00:00,26,74,no
0a02bd60-1b81-4d71-9a5b-d2496b8aafcf,KXNBAGAME-25MAY22MINOKC-MIN,100,2025-05-22 03:02:11.667844+00:00,27,73,yes
a530cd46-baea-4baf-8077-4fb393040166,KXNBAGAME-25MAY22MINOKC-MIN,2,2025-05-22 03:04:10.234571+00:00,27,73,yes
2fd166d5-0ed2-4549-9cee-a53c98a7d8b1,KXNBAGAME-25MAY22MINOKC-MIN,100,2025-05-22 03:05:40.707368+00:00,27,73,yes
c44e7b76-33dd-4419-9631-37f7072310be,KXNBAGAME-25MAY22MINOKC-MIN,500,2025-05-22 03:07:29.038868+00:00,27,73,yes
2ba36e65-1eb1-49c3-813e-f1c02e51da00,KXNBAGAME-25MAY22MINOKC-MIN,100,2025-05-22 03:09:27.795497+00:00,27,73,yes
eae7568f-b3dc-404f-992f-e0a21dcfe5f2,KXNBAGAME-25MAY22MINOKC-MIN,100,2025-05-22 03:12:08.312460+00:00,27,73,yes
3ed19dd8-0a38-4c5a-9db5-ce4e856a695b,KXNBAGAME-25MAY22MINOKC-MIN,50,2025-05-22 03:12:29.743198+00:00,27,73,yes
257b7569-4f13-46dd-8d04-f8a4953ebd72,KXNBAGAME-25MAY22MINOKC-MIN,25,2025-05-22 03:13:33.147180+00:00,27,73,yes
1bf6fa76-3b31-47a2-aa4b-8be2c5e7bfd1,KXNBAGAME-25MAY22MINOKC-MIN,35,2025-05-22 03:13:51.293858+00:00,27,73,yes
ca5fd39d-a71a-4216-8f50-6ade41aa826a,KXNBAGAME-25MAY22MINOKC-MIN,35,2025-05-22 03:13:55.634078+00:00,27,73,yes
2e36d473-5b0e-4e0d-88d0-282c087add1f,KXNBAGAME-25MAY22MINOKC-MIN,90,2025-05-22 03:13:57.537373+00:00,27,73,yes
4a16b979-a059-4e72-be1b-d50c27f61b65,KXNBAGAME-25MAY22MINOKC-MIN,18,2025-05-22 03:14:17.135741+00:00,27,73,yes
3fa545b9-e3c9-42fe-94a5-e1bb55ef8153,KXNBAGAME-25MAY22MINOKC-MIN,25,2025-05-22 03:14:37.991898+00:00,27,73,yes
5af00025-9c8a-4abf-9599-29aa89e61eb2,KXNBAGAME-25MAY22MINOKC-MIN,2000,2025-05-22 03:14:45.316774+00:00,27,73,yes
fa74571f-cf6e-4d48-83ea-6a096c22c713,KXNBAGAME-25MAY22MINOKC-MIN,12,2025-05-22 03:15:01.432005+00:00,27,73,yes
9c15d162-441d-481f-b947-0bac74e13e6c,KXNBAGAME-25MAY22MINOKC-MIN,670,2025-05-22 03:15:09.545569+00:00,27,73,yes
169ef9e0-4d09-4c44-b61c-5f0e4e4ba1b1,KXNBAGAME-25MAY22MINOKC-MIN,7,2025-05-22 03:15:14.837769+00:00,27,73,yes
b6212e48-5de2-40a4-817c-59c267c901e5,KXNBAGAME-25MAY22MINOKC-MIN,3,2025-05-22 03:15:18.185997+00:00,27,73,yes
6a5661f9-7b4f-4be4-a015-ea56920cd291,KXNBAGAME-25MAY22MINOKC-MIN,980,2025-05-22 03:15:30.896078+00:00,27,73,yes
d304378a-fcae-413b-8108-a098c99b0aaf,KXNBAGAME-25MAY22MINOKC-MIN,17,2025-05-22 03:15:36.968266+00:00,27,73,yes
09092126-9f3d-4d78-96fa-230a1d1ed1e4,KXNBAGAME-25MAY22MINOKC-MIN,19,2025-05-22 03:15:38.005648+00:00,27,73,yes
0f1d0167-c255-40dd-b0ec-a9ad1def4d71,KXNBAGAME-25MAY22MINOKC-MIN,300,2025-05-22 03:15:43.215123+00:00,27,73,yes
d710e954-87d0-4cc4-b544-e9853ef03cf6,KXNBAGAME-25MAY22MINOKC-MIN,200,2025-05-22 03:15:52.096055+00:00,27,73,yes
57edd5d0-073d-47c1-a0a4-cb739a58aace,KXNBAGAME-25MAY22MINOKC-MIN,33,2025-05-22 03:15:53.895265+00:00,27,73,yes
f4e9355f-4fc2-407c-91c3-36b47957c3f2,KXNBAGAME-25MAY22MINOKC-MIN,14,2025-05-22 03:15:54.647018+00:00,26,74,no
cbd56192-eb9a-439a-8e37-970471ef7fbe,KXNBAGAME-25MAY22MINOKC-MIN,12,2025-05-22 03:15:57.965233+00:00,27,73,yes
38313148-f3aa-4412-a4d1-52a3de84ea97,KXNBAGAME-25MAY22MINOKC-MIN,12,2025-05-22 03:15:58.669304+00:00,27,73,yes
d0e84392-db9c-4551-83cd-476633c0e30b,KXNBAGAME-25MAY22MINOKC-MIN,35,2025-05-22 03:16:09.583872+00:00,27,73,yes
b1b0ea33-c89a-4050-8d7a-c06162efe0cb,KXNBAGAME-25MAY22MINOKC-MIN,30,2025-05-22 03:16:10.236477+00:00,27,73,yes
f20bf6ea-10cf-46c4-9a3d-2f3679d98412,KXNBAGAME-25MAY22MINOKC-MIN,40,2025-05-22 03:16:21.124961+00:00,27,73,yes
e7b620a1-4b1b-4a49-829f-b20713140cdf,KXNBAGAME-25MAY22MINOKC-MIN,250,2025-05-22 03:16:23.420959+00:00,27,73,yes
12e064d6-0f84-4d0d-aa3f-733673d2e2b2,KXNBAGAME-25MAY22MINOKC-MIN,50,2025-05-22 03:16:42.584582+00:00,27,73,yes
6258fc90-92b1-4a2e-bc12-79e1293c9054,KXNBAGAME-25MAY22MINOKC-MIN,200,2025-05-22 03:16:43.182109+00:00,27,73,yes
1425330e-74fb-4344-aa03-366ef74ebc9f,KXNBAGAME-25MAY22MINOKC-MIN,162,2025-05-22 03:16:44.486425+00:00,27,73,yes
a2b10b11-4759-4339-97b4-5f0b898f2777,KXNBAGAME-25MAY22MINOKC-MIN,3,2025-05-22 03:16:44.962691+00:00,27,73,yes
7320fd5d-b5c7-4da5-b92a-f18997095b0e,KXNBAGAME-25MAY22MINOKC-MIN,105,2025-05-22 03:16:50.468811+00:00,27,73,yes
651a1e3f-5d81-48cd-9d30-5789f65dc23e,KXNBAGAME-25MAY22MINOKC-MIN,777,2025-05-22 03:16:58.131978+00:00,27,73,yes
4e89d686-e057-4e43-97d3-d73fd9969b00,KXNBAGAME-25MAY22MINOKC-MIN,200,2025-05-22 03:17:00.351034+00:00,27,73,yes
80ef970e-be22-4c29-8ca6-d64655c1f0ae,KXNBAGAME-25MAY22MINOKC-MIN,2,2025-05-22 03:17:03.496913+00:00,27,73,yes
519f7983-3b37-4dd1-8d96-4e8a3d2ccbb8,KXNBAGAME-25MAY22MINOKC-MIN,1500,2025-05-22 03:17:06.135081+00:00,27,73,yes
e751ed89-d1a3-4b50-b52d-e62e2e1cae33,KXNBAGAME-25MAY22MINOKC-MIN,137,2025-05-22 03:17:13.205878+00:00,27,73,yes
29799bee-231e-4025-8d91-204d05f4c47d,KXNBAGAME-25MAY22MINOKC-MIN,229,2025-05-22 03:17:24.627744+00:00,27,73,yes
9936d157-b9f9-4b7c-83e0-35f24de45167,KXNBAGAME-25MAY22MINOKC-MIN,1208,2025-05-22 03:17:28.471741+00:00,27,73,yes
4d92f6dd-c2e0-493d-b494-d44c1e45b35a,KXNBAGAME-25MAY22MINOKC-MIN,500,2025-05-22 03:17:29.573203+00:00,27,73,yes
8c2ae701-41cd-43ad-9121-d6728fe1000a,KXNBAGAME-25MAY22MINOKC-MIN,200,2025-05-22 03:17:43.536735+00:00,27,73,yes
e880de7f-bca2-4170-b55b-be81657e6eb0,KXNBAGAME-25MAY22MINOKC-MIN,35,2025-05-22 03:17:48.401999+00:00,27,73,yes
b2b3185a-0553-44e4-9701-6ec9f23219a9,KXNBAGAME-25MAY22MINOKC-MIN,100,2025-05-22 03:17:51.502104+00:00,27,73,yes
a9426b33-4f32-4cd9-93ed-22a4090c83c9,KXNBAGAME-25MAY22MINOKC-MIN,70,2025-05-22 03:17:52.676260+00:00,27,73,yes
99754961-4544-4183-84ee-1a5045d0538f,KXNBAGAME-25MAY22MINOKC-MIN,1000,2025-05-22 03:17:54.558828+00:00,27,73,yes
25698fe6-1c1b-4b09-a7e1-d0c137f0dc13,KXNBAGAME-25MAY22MINOKC-MIN,24,2025-05-22 03:17:54.714318+00:00,27,73,yes
67df8172-0e73-4023-a4e2-259890085c94,KXNBAGAME-25MAY22MINOKC-MIN,769,2025-05-22 03:17:58.776032+00:00,27,73,yes
acfaf8ed-b1d9-4925-b075-bc6300e276e4,KXNBAGAME-25MAY22MINOKC-MIN,8,2025-05-22 03:18:09.967457+00:00,27,73,yes
1b835bc4-2c5b-4285-bd84-41ee6ac75e7c,KXNBAGAME-25MAY22MINOKC-MIN,25,2025-05-22 03:18:10.245684+00:00,27,73,yes
1696ae86-e9b2-4c4d-8cd1-5455fa9fb524,KXNBAGAME-25MAY22MINOKC-MIN,150,2025-05-22 03:18:11.146725+00:00,27,73,yes
76556b0d-b4a1-43bc-8ac9-f6b126f90eab,KXNBAGAME-25MAY22MINOKC-MIN,1000,2025-05-22 03:18:13.625621+00:00,27,73,yes
24b96902-8531-46b8-b208-674ebca5a186,KXNBAGAME-25MAY22MINOKC-MIN,20,2025-05-22 03:18:18.419239+00:00,27,73,yes
e3289fad-d63d-4274-aef8-71276a57c64e,KXNBAGAME-25MAY22MINOKC-MIN,105,2025-05-22 03:18:20.313633+00:00,27,73,yes
55e449ce-26b7-4b38-ba45-a397cd6fffb1,KXNBAGAME-25MAY22MINOKC-MIN,35,2025-05-22 03:18:24.008426+00:00,27,73,yes
a869eeb7-1218-4ea3-8544-83f1a250ae4a,KXNBAGAME-25MAY22MINOKC-MIN,234,2025-05-22 03:18:31.814364+00:00,26,74,no
7aec0dc5-3991-4779-adf6-19ba36c36af1,KXNBAGAME-25MAY22MINOKC-MIN,35,2025-05-22 03:18:32.670229+00:00,27,73,yes
4a958c68-6809-4e08-847b-a5bd61aa19ab,KXNBAGAME-25MAY22MINOKC-MIN,17,2025-05-22 03:18:35.137889+00:00,27,73,yes
e283d26d-9e62-4d63-9fcd-f6e309b29f18,KXNBAGAME-25MAY22MINOKC-MIN,800,2025-05-22 03:18:36.131923+00:00,27,73,yes
675fa359-acf8-4f62-9f30-38b573db1f9e,KXNBAGAME-25MAY22MINOKC-MIN,40,2025-05-22 03:18:39.316751+00:00,27,73,yes
12bbc269-b882-4fb8-8a9d-ddfda0536e00,KXNBAGAME-25MAY22MINOKC-MIN,172,2025-05-22 03:18:40.655505+00:00,27,73,yes
5b67bf4b-b119-43a9-88f8-20545c1115c3,KXNBAGAME-25MAY22MINOKC-MIN,400,2025-05-22 03:18:41.497337+00:00,27,73,yes
b5412198-7a3b-4e6a-8e40-b71dd4dc877f,KXNBAGAME-25MAY22MINOKC-MIN,53,2025-05-22 03:18:47.557395+00:00,27,73,yes
34be8c18-ccf6-4438-993b-eaf3208819ff,KXNBAGAME-25MAY22MINOKC-MIN,12,2025-05-22 03:18:53.831675+00:00,27,73,yes
0e98e279-920d-4263-99c7-0997bc0341a8,KXNBAGAME-25MAY22MINOKC-MIN,17,2025-05-22 03:19:09.394162+00:00,27,73,yes
7a8e0ba2-1ed4-45a1-80bc-397bdf56c3cd,KXNBAGAME-25MAY22MINOKC-MIN,264,2025-05-22 03:19:13.755062+00:00,27,73,yes
b2f4e5dd-0c77-4399-9e2b-4dd5b44138b9,KXNBAGAME-25MAY22MINOKC-MIN,200,2025-05-22 03:19:22.372181+00:00,27,73,yes
f4657e95-8f7a-466b-b6b7-09f3170b12ad,KXNBAGAME-25MAY22MINOKC-MIN,7,2025-05-22 03:19:22.525418+00:00,27,73,yes
44878d28-748c-4b5d-bff4-fa460dc068b5,KXNBAGAME-25MAY22MINOKC-MIN,600,2025-05-22 03:19:24.915121+00:00,27,73,yes
9ff1468b-4eb3-4867-9ecc-4018de49c695,KXNBAGAME-25MAY22MINOKC-MIN,600,2025-05-22 03:19:32.694867+00:00,27,73,yes
5d7a02c3-771f-4d92-b89c-79130443dcfb,KXNBAGAME-25MAY22MINOKC-MIN,11,2025-05-22 03:19:33.232111+00:00,27,73,yes
75d09989-4019-4249-8aa5-f26d9640f1f4,KXNBAGAME-25MAY22MINOKC-MIN,500,2025-05-22 03:19:36.215501+00:00,27,73,yes
bd2d7710-adb3-4e35-a0a9-193a80f8f9fe,KXNBAGAME-25MAY22MINOKC-MIN,549,2025-05-22 03:19:52.490148+00:00,27,73,yes
a9ac616b-f0da-4022-8d3e-b07978d795c7,KXNBAGAME-25MAY22MINOKC-MIN,100,2025-05-22 03:19:54.206158+00:00,26,74,no
bca9d4d0-5b37-4a3f-a170-ae778f44ae63,KXNBAGAME-25MAY22MINOKC-MIN,35,2025-05-22 03:20:01.124736+00:00,27,73,yes
d21f0671-e3b4-4b85-894d-81b660985887,KXNBAGAME-25MAY22MINOKC-MIN,70,2025-05-22 03:20:05.042339+00:00,27,73,yes
a62dfe66-7b11-4c5b-ad18-041b2fb76332,KXNBAGAME-25MAY22MINOKC-MIN,350,2025-05-22 03:20:14.514955+00:00,26,74,no
eab18951-0e6d-4ba8-a585-abb67b94c977,KXNBAGAME-25MAY22MINOKC-MIN,375,2025-05-22 03:20:31.824800+00:00,27,73,yes
7def18fc-e2a0-43ac-ac53-0396c1943b50,KXNBAGAME-25MAY22MINOKC-MIN,4,2025-05-22 03:20:36.811770+00:00,27,73,yes
46413437-e609-4dfa-8faa-ca059346e64f,KXNBAGAME-25MAY22MINOKC-MIN,100,2025-05-22 03:20:47.254836+00:00,27,73,yes
75f52d88-8fd5-4c2e-99aa-a30866a07309,KXNBAGAME-25MAY22MINOKC-MIN,200,2025-05-22 03:20:50.627546+00:00,27,73,yes
ac8075f7-6505-471d-8152-6af54452d494,KXNBAGAME-25MAY22MINOKC-MIN,1500,2025-05-22 03:20:58.377254+00:00,27,73,yes
a5daf73a-66fe-4057-943e-77edaf83df05,KXNBAGAME-25MAY22MINOKC-MIN,100,2025-05-22 03:20:58.877229+00:00,27,73,yes
0e3cf389-72ea-427e-9431-abfe43ebeeb1,KXNBAGAME-25MAY22MINOKC-MIN,100,2025-05-22 03:21:15.285224+00:00,27,73,yes
31468e96-0be5-4033-a294-0a71b0bae6ef,KXNBAGAME-25MAY22MINOKC-MIN,34,2025-05-22 03:21:25.754792+00:00,27,73,yes
91b2e08d-8126-47ba-bff5-f35612dc98ee,KXNBAGAME-25MAY22MINOKC-MIN,356,2025-05-22 03:21:31.832233+00:00,27,73,yes
0b459758-c81c-46e8-83c9-0a1817919611,KXNBAGAME-25MAY22MINOKC-MIN,52,2025-05-22 03:21:32.557766+00:00,27,73,yes
bab39364-4e58-4851-8fef-cc17c58a869e,KXNBAGAME-25MAY22MINOKC-MIN,175,2025-05-22 03:21:36.605164+00:00,27,73,yes
f4279d80-8251-43f0-86ac-9cc65ca6b1cf,KXNBAGAME-25MAY22MINOKC-MIN,38,2025-05-22 03:21:37.435203+00:00,27,73,yes
cbd977ff-3f02-42ca-b1d9-7a32f60d708d,KXNBAGAME-25MAY22MINOKC-MIN,261,2025-05-22 03:21:45.745114+00:00,27,73,yes
619cc6ba-a956-4f9a-ad36-5a3263bbf380,KXNBAGAME-25MAY22MINOKC-MIN,10,2025-05-22 03:21:48.183524+00:00,27,73,yes
5464b6fe-a871-48a8-b75a-133715c81f98,KXNBAGAME-25MAY22MINOKC-MIN,6,2025-05-22 03:21:49.746605+00:00,27,73,yes
9cd24e60-17bc-4811-9c25-e85612d4552e,KXNBAGAME-25MAY22MINOKC-MIN,186,2025-05-22 03:21:51.555277+00:00,27,73,yes
a8208938-2b04-43e6-aec8-3629606fb919,KXNBAGAME-25MAY22MINOKC-MIN,38,2025-05-22 03:21:53.635749+00:00,26,74,no
e42b0ae4-a7cf-436d-9870-8e2b3d61d98b,KXNBAGAME-25MAY22MINOKC-MIN,4,2025-05-22 03:21:59.071220+00:00,27,73,yes
ef12982d-7245-46b0-a9e2-f91471e0e962,KXNBAGAME-25MAY22MINOKC-MIN,55,2025-05-22 03:22:06.685371+00:00,27,73,yes
6486cbe0-71a0-4c9d-a75a-38406c0ca345,KXNBAGAME-25MAY22MINOKC-MIN,500,2025-05-22 03:22:12.041696+00:00,26,74,no
4f3a60b0-3ae6-44d6-a63c-aed860739d6d,KXNBAGAME-25MAY22MINOKC-MIN,170,2025-05-22 03:22:20.843976+00:00,27,73,yes
c4baf21d-4f3a-4ff8-95d3-9fc3567f9b89,KXNBAGAME-25MAY22MINOKC-MIN,1000,2025-05-22 03:22:22.915017+00:00,27,73,yes
087a5288-1021-4a95-aef1-7fda2a5a43f0,KXNBAGAME-25MAY22MINOKC-MIN,18518,2025-05-22 03:22:31.145616+00:00,27,73,yes
7b39f3e1-0fba-49bb-aac3-fe83d9e5ffe3,KXNBAGAME-25MAY22MINOKC-MIN,150,2025-05-22 03:22:31.425814+00:00,27,73,yes
09e77f48-6ed3-4be3-9aeb-55fd5b1fccfe,KXNBAGAME-25MAY22MINOKC-MIN,5,2025-05-22 03:22:32.225353+00:00,27,73,yes
a8866ad0-e497-4dfd-a85e-6ff3ccdb159f,KXNBAGAME-25MAY22MINOKC-MIN,88,2025-05-22 03:22:44.038976+00:00,27,73,yes
71aaf043-492d-4914-b627-421b427b9967,KXNBAGAME-25MAY22MINOKC-MIN,172,2025-05-22 03:23:05.817089+00:00,27,73,yes
4931fa75-4520-46a1-88ae-cbc63793f683,KXNBAGAME-25MAY22MINOKC-MIN,70,2025-05-22 03:23:06.716218+00:00,27,73,yes
e4fc60cc-82c8-41aa-85ce-cf8d58686040,KXNBAGAME-25MAY22MINOKC-MIN,500,2025-05-22 03:23:08.845472+00:00,27,73,yes
3e8a274e-658e-4c07-957c-5dddf7fe8b7a,KXNBAGAME-25MAY22MINOKC-MIN,45,2025-05-22 03:23:11.442414+00:00,27,73,yes
12af6c86-b729-4284-ae40-92826fcaf4b3,KXNBAGAME-25MAY22MINOKC-MIN,80,2025-05-22 03:23:21.222246+00:00,27,73,yes
87664f9b-2ae1-49c8-bb7a-0aea804a1a66,KXNBAGAME-25MAY22MINOKC-MIN,130,2025-05-22 03:23:22.565404+00:00,27,73,yes
0bb4b4e6-9b97-48ad-bc8d-b5324e6afcb3,KXNBAGAME-25MAY22MINOKC-MIN,75,2025-05-22 03:23:22.962775+00:00,27,73,yes
756f718d-4d56-429c-a97a-620b97300e4a,KXNBAGAME-25MAY22MINOKC-MIN,75,2025-05-22 03:23:23.795769+00:00,27,73,yes
f4ea8d4b-c66d-493a-9702-ed917d7c24e6,KXNBAGAME-25MAY22MINOKC-MIN,135,2025-05-22 03:23:25.262168+00:00,27,73,yes
ea9051eb-f6f6-4fe3-9379-82fb65941e39,KXNBAGAME-25MAY22MINOKC-MIN,2,2025-05-22 03:23:29.960217+00:00,27,73,yes
53957ae4-f89a-498b-8190-b2c6857cce18,KXNBAGAME-25MAY22MINOKC-MIN,20,2025-05-22 03:23:34.063270+00:00,27,73,yes
7140a65f-7050-4658-876b-8a10cb9ea3a6,KXNBAGAME-25MAY22MINOKC-MIN,80,2025-05-22 03:23:34.584525+00:00,27,73,yes
fb16a604-8c71-4e7e-8765-f984fb73cf4e,KXNBAGAME-25MAY22MINOKC-MIN,1,2025-05-22 03:23:56.333753+00:00,27,73,yes
2836196a-913b-47ee-ba89-9d40450e4c50,KXNBAGAME-25MAY22MINOKC-MIN,176,2025-05-22 03:23:59.979801+00:00,27,73,yes
897b321a-83d1-48f8-8cd9-ca3f5bc531ea,KXNBAGAME-25MAY22MINOKC-MIN,4,2025-05-22 03:24:05.372794+00:00,26,74,no
3e885ab3-3488-4cb5-b117-bd82ac60ce02,KXNBAGAME-25MAY22MINOKC-MIN,600,2025-05-22 03:24:09.642354+00:00,27,73,yes
7ccde07b-8088-40c7-bf9e-2542e7cc8fb3,KXNBAGAME-25MAY22MINOKC-MIN,2000,2025-05-22 03:24:47.944728+00:00,27,73,yes
73f99d56-1a8e-4939-bb10-6393c24ef2b1,KXNBAGAME-25MAY22MINOKC-MIN,100,2025-05-22 03:24:54.944861+00:00,27,73,yes
50a0d168-c82e-4c0c-866c-b04b3e126581,KXNBAGAME-25MAY22MINOKC-MIN,30000,2025-05-22 03:24:56.810076+00:00,27,73,yes
e11291d9-aa47-4a59-9286-4d1c938c31fd,KXNBAGAME-25MAY22MINOKC-MIN,5000,2025-05-22 03:25:29.842523+00:00,27,73,yes
dfe44c36-771e-4871-a020-af0b170c3091,KXNBAGAME-25MAY22MINOKC-MIN,35,2025-05-22 03:25:47.188515+00:00,27,73,yes
09c48efd-51ef-46be-ac0a-31af7ae6db23,KXNBAGAME-25MAY22MINOKC-MIN,12,2025-05-22 03:25:53.798254+00:00,27,73,yes
257cd984-1b55-46c7-8bb2-699243bb728b,KXNBAGAME-25MAY22MINOKC-MIN,50,2025-05-22 03:26:02.292103+00:00,27,73,yes
303aca30-bc71-42ef-8db3-9a6611687485,KXNBAGAME-25MAY22MINOKC-MIN,25,2025-05-22 03:26:05.216875+00:00,27,73,yes
2197871c-721f-421f-bc58-b836f09bd492,KXNBAGAME-25MAY22MINOKC-MIN,50,2025-05-22 03:26:21.584861+00:00,27,73,yes
7bf4d416-846f-4e92-9d20-7f0af2b60d69,KXNBAGAME-25MAY22MINOKC-MIN,25000,2025-05-22 03:26:43.264292+00:00,27,73,yes
d1600a08-f52d-4bda-8d85-a39d38fa4ae6,KXNBAGAME-25MAY22MINOKC-MIN,20,2025-05-22 03:26:52.331828+00:00,27,73,yes
88f7db95-0b31-49d8-909b-245284dd5d74,KXNBAGAME-25MAY22MINOKC-MIN,86,2025-05-22 03:26:58.996107+00:00,27,73,yes
229cd66f-9f5f-4f12-a952-edcf9da145e1,KXNBAGAME-25MAY22MINOKC-MIN,5,2025-05-22 03:27:01.847648+00:00,26,74,no
5bedad02-97d5-48e0-ad48-86b7d52bed66,KXNBAGAME-25MAY22MINOKC-MIN,130,2025-05-22 03:27:05.605699+00:00,27,73,yes
c03b4742-27fb-4d70-a5aa-7bf3bdd6ef65,KXNBAGAME-25MAY22MINOKC-MIN,176,2025-05-22 03:27:12.225916+00:00,27,73,yes
125b15a8-cc1e-4fdd-8728-dc0f378ddf24,KXNBAGAME-25MAY22MINOKC-MIN,173,2025-05-22 03:27:37.115765+00:00,27,73,yes
7b7bed5d-4d97-4e86-bf5f-187bb9344687,KXNBAGAME-25MAY22MINOKC-MIN,300,2025-05-22 03:27:40.839376+00:00,27,73,yes
357edb42-9ecb-4eeb-92a8-b39da1dc0dcf,KXNBAGAME-25MAY22MINOKC-MIN,140,2025-05-22 03:27:55.289917+00:00,27,73,yes
a195dcb6-3deb-499a-8420-8f0aa86bc1b6,KXNBAGAME-25MAY22MINOKC-MIN,20,2025-05-22 03:28:11.556866+00:00,27,73,yes
518209df-1072-4576-91c3-ca3f46efea87,KXNBAGAME-25MAY22MINOKC-MIN,24,2025-05-22 03:28:22.572444+00:00,27,73,yes
b14b07e3-8643-4a81-b99f-53b23845f883,KXNBAGAME-25MAY22MINOKC-MIN,10,2025-05-22 03:28:32.276026+00:00,27,73,yes
7850e1b5-5db4-4169-810c-917b54e8b2ad,KXNBAGAME-25MAY22MINOKC-MIN,300,2025-05-22 03:28:38.346156+00:00,27,73,yes
aaff2ad2-f27c-44fc-a749-6465bf46d627,KXNBAGAME-25MAY22MINOKC-MIN,10,2025-05-22 03:28:53.171147+00:00,27,73,yes
672b38c7-5294-4470-a55a-a507b2342700,KXNBAGAME-25MAY22MINOKC-MIN,4990,2025-05-22 03:28:55.986616+00:00,27,73,yes
ec1aa5c1-3b76-45ab-bd40-61671e413d81,KXNBAGAME-25MAY22MINOKC-MIN,10,2025-05-22 03:28:55.986616+00:00,27,73,yes
affcdfff-ba79-47b9-8661-dec2c8ed4194,KXNBAGAME-25MAY22MINOKC-MIN,17,2025-05-22 03:28:57.098263+00:00,27,73,yes
4921f66d-6ec0-4fac-a7ba-9751540215a6,KXNBAGAME-25MAY22MINOKC-MIN,1046,2025-05-22 03:28:57.872931+00:00,27,73,yes
e7da5c8e-e8fe-41b2-ba2f-29039585d03b,KXNBAGAME-25MAY22MINOKC-MIN,15,2025-05-22 03:29:14.564925+00:00,27,73,yes
2370fd29-ebe7-4d11-97e1-7247b5fc9a29,KXNBAGAME-25MAY22MINOKC-MIN,50,2025-05-22 03:29:17.424846+00:00,27,73,yes
b096e573-629d-4e98-babf-b13912883fe6,KXNBAGAME-25MAY22MINOKC-MIN,10,2025-05-22 03:29:19.378233+00:00,27,73,yes
85f781e3-9ea6-4f09-b8df-e4d93206e0a9,KXNBAGAME-25MAY22MINOKC-MIN,80,2025-05-22 03:29:34.221933+00:00,27,73,yes
fed81281-ead9-4a0b-9fd8-3cc7ce4c60a3,KXNBAGAME-25MAY22MINOKC-MIN,1400,2025-05-22 03:29:40.715736+00:00,27,73,yes
2380bbb6-8fe5-4b07-a9c7-c4737aaa3716,KXNBAGAME-25MAY22MINOKC-MIN,77,2025-05-22 03:29:59.502096+00:00,27,73,yes
42e37713-b05d-4605-9d99-5e5602bef6d8,KXNBAGAME-25MAY22MINOKC-MIN,3,2025-05-22 03:30:08.427163+00:00,27,73,yes
5854441a-f275-48d0-ad43-8908da8afb5b,KXNBAGAME-25MAY22MINOKC-MIN,22292,2025-05-22 03:30:09.000760+00:00,27,73,yes
92f0c305-7580-4eb6-9170-f64e9810e39b,KXNBAGAME-25MAY22MINOKC-MIN,1,2025-05-22 03:30:09.000760+00:00,27,73,yes
dd09c898-4a0f-465c-ac64-f4cf55c0fa64,KXNBAGAME-25MAY22MINOKC-MIN,4999,2025-05-22 03:30:09.000760+00:00,27,73,yes
df3d2461-4c18-4fc2-8a83-a3c306b32a4e,KXNBAGAME-25MAY22MINOKC-MIN,8000,2025-05-22 03:30:09.000760+00:00,27,73,yes
3cf038ae-179d-44a4-9ce7-18104ebec650,KXNBAGAME-25MAY22MINOKC-MIN,10000,2025-05-22 03:30:09.000760+00:00,27,73,yes
abd9b639-4b45-4c57-85ef-5ad97474d660,KXNBAGAME-25MAY22MINOKC-MIN,5,2025-05-22 03:30:15.617864+00:00,27,73,no
5176f1b7-4a6a-495e-827c-a8c359fdad61,KXNBAGAME-25MAY22MINOKC-MIN,171,2025-05-22 03:30:18.297151+00:00,27,73,no
59d65d0d-1010-44fb-b07d-32b879fcd74a,KXNBAGAME-25MAY22MINOKC-MIN,70,2025-05-22 03:30:44.407055+00:00,27,73,yes
4870fbba-234f-4e87-81b7-63082d52f790,KXNBAGAME-25MAY22MINOKC-MIN,573,2025-05-22 03:30:44.536708+00:00,27,73,yes
d1264b49-4b01-4c9d-9a6d-2e06b10f4b7c,KXNBAGAME-25MAY22MINOKC-MIN,171,2025-05-22 03:30:44.536708+00:00,27,73,yes
5dc02089-ccfb-4cda-9b28-a487f01c8353,KXNBAGAME-25MAY22MINOKC-MIN,100,2025-05-22 03:31:11.828583+00:00,27,73,yes
98abe315-d7f3-4a51-ad5b-5e0c235ba708,KXNBAGAME-25MAY22MINOKC-MIN,176,2025-05-22 03:31:14.913828+00:00,27,73,yes
96651ae6-2488-4fa2-ad2c-5a24d28606c2,KXNBAGAME-25MAY22MINOKC-MIN,1077,2025-05-22 03:31:21.245596+00:00,27,73,yes
cefa40bb-92a6-4825-a237-92a8fc4660d6,KXNBAGAME-25MAY22MINOKC-MIN,101,2025-05-22 03:31:21.245596+00:00,27,73,yes
27504815-2e59-4606-b174-7a17ef7bafb9,KXNBAGAME-25MAY22MINOKC-MIN,10,2025-05-22 03:31:24.551879+00:00,28,72,yes
66c70626-d826-415b-baa9-adf9c079b940,KXNBAGAME-25MAY22MINOKC-MIN,88,2025-05-22 03:31:34.311971+00:00,27,73,yes
57b4dad5-1146-4e34-aaf1-2c6db42c976d,KXNBAGAME-25MAY22MINOKC-MIN,50,2025-05-22 03:31:56.784432+00:00,27,73,yes
a72ff4c1-9c6f-4af7-a6f6-6183fe792abb,KXNBAGAME-25MAY22MINOKC-MIN,20,2025-05-22 03:32:08.284775+00:00,27,73,yes
d5b55a5f-baa6-4d2b-87b4-add391b68efc,KXNBAGAME-25MAY22MINOKC-MIN,557,2025-05-22 03:32:17.245549+00:00,27,73,yes
54677706-269b-45f4-b23c-ebf6ba3be92e,KXNBAGAME-25MAY22MINOKC-MIN,10,2025-05-22 03:32:22.661559+00:00,28,72,yes
ea899c7e-40a0-4d14-a0d3-a60af992157e,KXNBAGAME-25MAY22MINOKC-MIN,992,2025-05-22 03:32:36.598983+00:00,27,73,yes
c4357551-538b-4e16-a036-992a526d8e88,KXNBAGAME-25MAY22MINOKC-MIN,3,2025-05-22 03:32:36.598983+00:00,27,73,yes
e48a0665-548f-401d-9582-bdbd64bc48ae,KXNBAGAME-25MAY22MINOKC-MIN,1,2025-05-22 03:32:36.598983+00:00,27,73,yes
703c8451-a427-4ae3-90dc-37959429a7a3,KXNBAGAME-25MAY22MINOKC-MIN,1,2025-05-22 03:32:51.305377+00:00,27,73,yes
fbd62680-0b89-48ce-8d99-658263d3d64a,KXNBAGAME-25MAY22MINOKC-MIN,149,2025-05-22 03:32:51.305377+00:00,27,73,yes
0074ad4f-71aa-4bc7-bbe9-d4e80de458b3,KXNBAGAME-25MAY22MINOKC-MIN,207,2025-05-22 03:33:17.627858+00:00,27,73,yes
81211b55-3359-4230-8de9-74f9e2521cf1,KXNBAGAME-25MAY22MINOKC-MIN,150,2025-05-22 03:33:17.627858+00:00,27,73,yes
850aeefe-2941-4301-be92-144c2a309dc4,KXNBAGAME-25MAY22MINOKC-MIN,696,2025-05-22 03:33:17.627858+00:00,27,73,yes
c9b21ef0-651a-48ec-ad2d-4dd0ec41e5e5,KXNBAGAME-25MAY22MINOKC-MIN,180,2025-05-22 03:33:38.395562+00:00,27,73,yes
ea6be00c-d172-4b19-8840-d778dcecc48b,KXNBAGAME-25MAY22MINOKC-MIN,17,2025-05-22 03:33:39.613928+00:00,27,73,yes
95c7d325-7b1b-4fed-965d-5191f73786e6,KXNBAGAME-25MAY22MINOKC-MIN,40,2025-05-22 03:33:51.475439+00:00,27,73,yes
57b3d47a-b699-4b4b-b16b-21d5051721bc,KXNBAGAME-25MAY22MINOKC-MIN,50,2025-05-22 03:33:57.352315+00:00,27,73,yes
68f28d32-0e51-4b91-a8a8-37f26ecbf514,KXNBAGAME-25MAY22MINOKC-MIN,344,2025-05-22 03:34:24.621654+00:00,27,73,yes
b667b480-390d-421e-919f-d4a8ef1db4b0,KXNBAGAME-25MAY22MINOKC-MIN,10,2025-05-22 03:34:40.066003+00:00,26,74,no
f638932c-3320-433e-97c8-9a8d9da0ed7f,KXNBAGAME-25MAY22MINOKC-MIN,281,2025-05-22 03:34:40.961806+00:00,27,73,yes
7415ec2f-94b8-40c3-b3fe-1ee0504c07c2,KXNBAGAME-25MAY22MINOKC-MIN,10,2025-05-22 03:35:05.087766+00:00,27,73,yes
1e4c8e67-a440-4c4d-9a22-3a75261a0c11,KXNBAGAME-25MAY22MINOKC-MIN,1,2025-05-22 03:35:07.901689+00:00,27,73,yes
cc6ef020-9737-4171-a73b-a68d2fac9a4b,KXNBAGAME-25MAY22MINOKC-MIN,1,2025-05-22 03:35:31.571904+00:00,27,73,yes
e52e5b08-fc2a-4910-9818-2b2e1c142679,KXNBAGAME-25MAY22MINOKC-MIN,917,2025-05-22 03:35:31.571904+00:00,27,73,yes
2b331da6-20c7-40f2-9d00-92840e5c783d,KXNBAGAME-25MAY22MINOKC-MIN,134,2025-05-22 03:35:31.571904+00:00,28,72,yes
39dd36b7-5951-4549-b62e-20321cab10b6,KXNBAGAME-25MAY22MINOKC-MIN,100,2025-05-22 03:35:44.144541+00:00,27,73,yes
53a6ffd4-ec61-416b-9161-d07b65758e3a,KXNBAGAME-25MAY22MINOKC-MIN,1,2025-05-22 03:35:44.144541+00:00,27,73,yes
734f34ec-fb9f-4363-9d6f-234494760437,KXNBAGAME-25MAY22MINOKC-MIN,100,2025-05-22 03:35:59.482769+00:00,27,73,yes
31232e14-636a-4c73-bd56-eb857b1053d4,KXNBAGAME-25MAY22MINOKC-MIN,7,2025-05-22 03:36:29.478421+00:00,27,73,yes
76c0c68b-4dfb-451d-ae0f-ed047919cbd4,KXNBAGAME-25MAY22MINOKC-MIN,7,2025-05-22 03:36:36.509266+00:00,27,73,yes
e62c9e02-bf12-47d1-8ce3-d4f4f157a8de,KXNBAGAME-25MAY22MINOKC-MIN,64,2025-05-22 03:36:49.613230+00:00,27,73,yes
3565d0bd-b5ad-4893-b436-038fd0d0cf81,KXNBAGAME-25MAY22MINOKC-MIN,64,2025-05-22 03:37:13.956928+00:00,27,73,yes
735db339-ed58-4ecb-8c1b-86336077485b,KXNBAGAME-25MAY22MINOKC-MIN,654,2025-05-22 03:37:13.956928+00:00,27,73,yes
e9aad76b-9f23-4000-b385-652cc04e2c14,KXNBAGAME-25MAY22MINOKC-MIN,100,2025-05-22 03:37:20.010599+00:00,28,72,yes
0276cd57-585b-4759-992f-f34875d50357,KXNBAGAME-25MAY22MINOKC-MIN,1,2025-05-22 03:37:22.862193+00:00,27,73,yes
b77a3b0f-f552-4989-9eff-9c2aa1900cf5,KXNBAGAME-25MAY22MINOKC-MIN,69,2025-05-22 03:37:22.862193+00:00,28,72,yes
fa70d481-1fcc-4079-bb0c-aeddf24e98f0,KXNBAGAME-25MAY22MINOKC-MIN,100,2025-05-22 03:37:31.620010+00:00,27,73,yes
5c0cf2e5-f1ab-4b22-b802-acc029d4de63,KXNBAGAME-25MAY22MINOKC-MIN,550,2025-05-22 03:37:39.839300+00:00,27,73,yes
1269dbe9-ab06-4821-8a8b-d2fcc42f7a19,KXNBAGAME-25MAY22MINOKC-MIN,20,2025-05-22 03:38:09.300661+00:00,27,73,yes
beb1d77f-c72f-48f2-ad00-c1186965f0f3,KXNBAGAME-25MAY22MINOKC-MIN,119,2025-05-22 03:38:29.565852+00:00,27,73,yes
7d3237cc-55e8-4ec2-baa9-951cd7a5980e,KXNBAGAME-25MAY22MINOKC-MIN,20,2025-05-22 03:38:36.616099+00:00,27,73,yes
e736ebfd-368d-4ea0-8f4b-c9ed338016fa,KXNBAGAME-25MAY22MINOKC-MIN,6,2025-05-22 03:38:45.246197+00:00,27,73,yes
064939af-30da-43e6-9a31-14acf4e1f679,KXNBAGAME-25MAY22MINOKC-MIN,302,2025-05-22 03:38:57.334309+00:00,27,73,yes
4db20bd3-6bd8-4b5e-aae6-b58e231bf04d,KXNBAGAME-25MAY22MINOKC-MIN,433,2025-05-22 03:39:00.791664+00:00,27,73,yes
176d1acf-175f-442d-b3f1-bdfcc86c26e3,KXNBAGAME-25MAY22MINOKC-MIN,155,2025-05-22 03:39:24.866184+00:00,27,73,yes
b3df1cb1-4c55-4a5c-ab9b-b6c6f251f54d,KXNBAGAME-25MAY22MINOKC-MIN,35,2025-05-22 03:39:26.847976+00:00,27,73,yes
ec90cbab-b778-42dc-a373-cca6e5e3f22a,KXNBAGAME-25MAY22MINOKC-MIN,20,2025-05-22 03:39:50.354968+00:00,27,73,yes
e2e08412-d692-4672-a4a1-e00448396d52,KXNBAGAME-25MAY22MINOKC-MIN,34,2025-05-22 03:39:52.731239+00:00,27,73,yes
c050b14e-5293-45cd-b1d8-93baf65eb156,KXNBAGAME-25MAY22MINOKC-MIN,648,2025-05-22 03:39:59.329891+00:00,27,73,yes
27494c12-f0fc-4e18-af10-1ffc958f71dc,KXNBAGAME-25MAY22MINOKC-MIN,1,2025-05-22 03:40:03.169061+00:00,27,73,yes
ea2d65a7-1db0-40dd-8788-8f655137ed0c,KXNBAGAME-25MAY22MINOKC-MIN,33,2025-05-22 03:40:03.169061+00:00,28,72,yes
a1b6dda2-a45f-45b2-8876-5bc07041fe51,KXNBAGAME-25MAY22MINOKC-MIN,25,2025-05-22 03:40:05.986312+00:00,28,72,yes
534ae7cb-f34d-42de-b87b-39df1b31db9d,KXNBAGAME-25MAY22MINOKC-MIN,404,2025-05-22 03:40:09.006356+00:00,27,73,no
9c9302c8-64bb-4ac1-ae4a-8f21b8b45a3e,KXNBAGAME-25MAY22MINOKC-MIN,32,2025-05-22 03:40:17.288620+00:00,27,73,yes
ad2d3011-43d2-41b3-a0c5-f522112c7839,KXNBAGAME-25MAY22MINOKC-MIN,367,2025-05-22 03:40:44.293414+00:00,27,73,yes
40b7e111-f438-4ce3-9628-d46301691209,KXNBAGAME-25MAY22MINOKC-MIN,528,2025-05-22 03:40:44.293414+00:00,27,73,yes
aae55cd7-60fc-4957-9a82-2e7c73d520ac,KXNBAGAME-25MAY22MINOKC-MIN,404,2025-05-22 03:40:44.293414+00:00,27,73,yes
00917bad-cd6e-4e16-98f8-ec74014fb9d9,KXNBAGAME-25MAY22MINOKC-MIN,399,2025-05-22 03:40:53.026773+00:00,27,73,no
18425a1d-27cc-41b1-a383-d6721f7a6332,KXNBAGAME-25MAY22MINOKC-MIN,176,2025-05-22 03:41:05.247260+00:00,27,73,yes
ae549813-0aa8-49c7-8cd7-dee0688a0b45,KXNBAGAME-25MAY22MINOKC-MIN,2,2025-05-22 03:41:05.267366+00:00,27,73,yes
743e27b8-d159-41db-b2ec-778406941ccc,KXNBAGAME-25MAY22MINOKC-MIN,221,2025-05-22 03:41:14.475755+00:00,27,73,yes
b1ce9774-370e-4349-bf8e-5bdca09c80ad,KXNBAGAME-25MAY22MINOKC-MIN,79,2025-05-22 03:41:14.475755+00:00,27,73,yes
7ee0b36d-e012-4b1d-a2f9-2baf0fe87a98,KXNBAGAME-25MAY22MINOKC-MIN,105,2025-05-22 03:41:27.473420+00:00,27,73,yes
38454767-1851-4d9e-92a1-b954eb0e5761,KXNBAGAME-25MAY22MINOKC-MIN,105,2025-05-22 03:41:39.215514+00:00,27,73,yes
e5dfa6c6-86f7-4a4f-a269-720daafbe90a,KXNBAGAME-25MAY22MINOKC-MIN,852,2025-05-22 03:41:39.215514+00:00,27,73,yes
977c9e01-2d7f-4419-9512-067599098bd5,KXNBAGAME-25MAY22MINOKC-MIN,88,2025-05-22 03:41:53.878402+00:00,27,73,yes
2237215f-4c59-4a39-b305-9c436077c6b3,KXNBAGAME-25MAY22MINOKC-MIN,5,2025-05-22 03:42:15.036792+00:00,27,73,yes
cea19585-8405-4178-aa9f-0b4bc391b853,KXNBAGAME-25MAY22MINOKC-MIN,15,2025-05-22 03:42:21.155495+00:00,27,73,yes
9cfd12c2-deb5-42f5-b0e9-6819be915591,KXNBAGAME-25MAY22MINOKC-MIN,704,2025-05-22 03:42:26.904806+00:00,27,73,yes
c72e5621-dc4f-4935-8af8-ef7d40b89ebb,KXNBAGAME-25MAY22MINOKC-MIN,945,2025-05-22 03:42:27.761736+00:00,27,73,yes
4c08f0e2-dfd5-4877-965c-85ef3c4f8887,KXNBAGAME-25MAY22MINOKC-MIN,108,2025-05-22 03:42:41.378408+00:00,26,74,no
17b03b9c-dc9d-4c46-b5e6-87a37053a158,KXNBAGAME-25MAY22MINOKC-MIN,2174,2025-05-22 03:42:41.378408+00:00,26,74,no
adb1d657-e218-41b7-a173-1b2446755ffe,KXNBAGAME-25MAY22MINOKC-MIN,395,2025-05-22 03:42:48.325916+00:00,27,73,no
2cf5210c-496f-48fd-b15d-90f35e403bc8,KXNBAGAME-25MAY22MINOKC-MIN,5,2025-05-22 03:44:08.031967+00:00,27,73,yes
877f25d8-0476-46da-97ef-f165e9ce374c,KXNBAGAME-25MAY22MINOKC-MIN,3,2025-05-22 03:44:09.732628+00:00,27,73,yes
9be6ecb5-4f7a-4cdd-a0db-b13c5000ffc4,KXNBAGAME-25MAY22MINOKC-MIN,1,2025-05-22 03:44:30.724375+00:00,27,73,yes
9a013a83-e399-42ff-9575-2f73ae2797cb,KXNBAGAME-25MAY22MINOKC-MIN,10,2025-05-22 03:45:06.104322+00:00,27,73,yes
a1993eb2-2526-45a2-bf1e-d52afe5277a4,KXNBAGAME-25MAY22MINOKC-MIN,18,2025-05-22 03:45:25.658116+00:00,27,73,yes
39f43913-4774-4fca-bce6-155c4df60342,KXNBAGAME-25MAY22MINOKC-MIN,100,2025-05-22 03:45:47.637892+00:00,27,73,yes
29efa76d-0ecc-49e4-bc6a-4af73064ed7e,KXNBAGAME-25MAY22MINOKC-MIN,180,2025-05-22 03:46:12.958259+00:00,27,73,yes
7b57337c-6d3e-4947-880a-1e911a711781,KXNBAGAME-25MAY22MINOKC-MIN,100,2025-05-22 03:46:24.631816+00:00,27,73,yes
fda3c2d5-e3c9-45be-88c7-43ce3270903d,KXNBAGAME-25MAY22MINOKC-MIN,319,2025-05-22 03:46:33.895323+00:00,27,73,yes
984b63f5-8b3d-46b9-b789-7f5aa4fa4bbf,KXNBAGAME-25MAY22MINOKC-MIN,281,2025-05-22 03:46:33.895323+00:00,27,73,yes
46cc9089-6500-4a97-b362-b64d43e96f25,KXNBAGAME-25MAY22MINOKC-MIN,38,2025-05-22 03:46:34.411847+00:00,27,73,yes
706a14d2-6c28-4de7-b2d8-3728f49afccf,KXNBAGAME-25MAY22MINOKC-MIN,105,2025-05-22 03:46:41.555936+00:00,27,73,yes
41ea41f4-8475-427b-af54-5bc7d05df694,KXNBAGAME-25MAY22MINOKC-MIN,3,2025-05-22 03:46:43.006302+00:00,27,73,yes
2886cb60-d4e4-4907-aa4d-3eed0f72f5d7,KXNBAGAME-25MAY22MINOKC-MIN,10,2025-05-22 03:46:57.985491+00:00,27,73,yes
2cbc9bae-5e07-4f07-a886-6f41458ea97b,KXNBAGAME-25MAY22MINOKC-MIN,108,2025-05-22 03:47:00.527698+00:00,27,73,yes
e661e2a5-8e64-43b2-9b8a-13746667067f,KXNBAGAME-25MAY22MINOKC-MIN,1520,2025-05-22 03:47:00.527698+00:00,27,73,yes
03b5cf2f-5501-4a3f-ae05-b4cddbfc3a1c,KXNBAGAME-25MAY22MINOKC-MIN,508,2025-05-22 03:47:05.218442+00:00,27,73,no
